<?xml version="1.0" encoding="UTF-8"?>
<!DOCTYPE html PUBLIC "-//W3C//DTD XHTML 1.0 Transitional//EN"
    "http://www.w3.org/TR/xhtml1/DTD/xhtml1-transitional.dtd">
<html xmlns="http://www.w3.org/1999/xhtml" xml:lang="en" lang="en">
 <head>
  <title>
</title>
<meta http-equiv="Content-Type" content="text/html;charset=utf-8" />
  <meta name='ocr-system' content='tesseract 3.04.00' />
  <meta name='ocr-capabilities' content='ocr_page ocr_carea ocr_par ocr_line ocrx_word'/>
</head>
<body>
  <div class='ocr_page' id='page_1' title='image "./iphigeniatauric00eurigoog_0022.png"; bbox 0 0 2934 4982; ppageno 0'>
   <div class='ocr_carea' id='block_1_1' title="bbox 1531 270 1848 332">
    <p class='ocr_par' dir='ltr' id='par_1_1' title="bbox 1531 270 1848 332">
     <span class='ocr_line' id='line_1_1' title="bbox 1531 270 1848 332; baseline -0.006 -1"><span class='ocrx_word' id='word_1_1' title='bbox 1531 277 1730 332; x_wconf 81' lang='lat' dir='ltr'><strong>xvm</strong></span> <span class='ocrx_word' id='word_1_2' title='bbox 1845 270 1848 273; x_wconf 70' lang='grc'><strong>’</strong></span> 
     </span>
    </p>
   </div>
   <div class='ocr_carea' id='block_1_2' title="bbox 521 445 2742 569">
    <p class='ocr_par' dir='ltr' id='par_1_2' title="bbox 521 445 2742 569">
     <span class='ocr_line' id='line_1_2' title="bbox 521 445 2742 569; baseline 0 -40"><span class='ocrx_word' id='word_1_3' title='bbox 521 479 616 529; x_wconf 86' lang='lat' dir='ltr'><strong>ne</strong></span> <span class='ocrx_word' id='word_1_4' title='bbox 663 445 980 550; x_wconf 77' lang='lat' dir='ltr'><strong>Pylades</strong></span> <span class='ocrx_word' id='word_1_5' title='bbox 994 508 1018 546; x_wconf 88' lang='lat'><strong>,</strong></span> <span class='ocrx_word' id='word_1_6' title='bbox 1068 459 1315 533; x_wconf 76' lang='lat' dir='ltr'><strong>salute</strong></span> <span class='ocrx_word' id='word_1_7' title='bbox 1362 460 1741 552; x_wconf 85' lang='lat' dir='ltr'><strong>impetrata</strong></span> <span class='ocrx_word' id='word_1_8' title='bbox 1754 512 1776 549; x_wconf 89' lang='lat'>‚</span> <span class='ocrx_word' id='word_1_9' title='bbox 1840 461 2161 569; x_wconf 74' lang='lat' dir='ltr'><strong>negligat</strong></span> <span class='ocrx_word' id='word_1_10' title='bbox 2210 446 2532 552; x_wconf 69' lang='lat' dir='ltr'><strong>perferre</strong></span> <span class='ocrx_word' id='word_1_11' title='bbox 2565 459 2742 549; x_wconf 81' lang='lat' dir='ltr'><strong>-epi-</strong></span> 
     </span>
    </p>
   </div>
   <div class='ocr_carea' id='block_1_3' title="bbox 380 560 2743 676">
    <p class='ocr_par' dir='ltr' id='par_1_3' title="bbox 380 560 2743 676">
     <span class='ocr_line' id='line_1_3' title="bbox 380 560 2743 676; baseline -0.001 -20"><span class='ocrx_word' id='word_1_12' title='bbox 380 560 381 567; x_wconf 22' lang='lat'>¹</span> <span class='ocrx_word' id='word_1_13' title='bbox 452 620 471 629; x_wconf 84' lang='grc'><strong>··</strong></span> <span class='ocrx_word' id='word_1_14' title='bbox 520 584 816 671; x_wconf 77' lang='lat' dir='ltr'><strong>stolam,</strong></span> <span class='ocrx_word' id='word_1_15' title='bbox 881 584 1118 655; x_wconf 84' lang='lat' dir='ltr'><strong>iurato</strong></span> <span class='ocrx_word' id='word_1_16' title='bbox 1171 609 1336 657; x_wconf 86' lang='lat' dir='ltr'><strong>eum</strong></span> <span class='ocrx_word' id='word_1_17' title='bbox 1387 587 1748 659; x_wconf 82' lang='lat' dir='ltr'><strong>affirmare</strong></span> <span class='ocrx_word' id='word_1_18' title='bbox 1798 589 1990 674; x_wconf 84' lang='lat' dir='ltr'><strong>vult,</strong></span> <span class='ocrx_word' id='word_1_19' title='bbox 2055 609 2139 657; x_wconf 86' lang='lat' dir='ltr'><strong>se</strong></span> <span class='ocrx_word' id='word_1_20' title='bbox 2187 586 2484 656; x_wconf 82' lang='lat' dir='ltr'><strong>litteras·</strong></span> <span class='ocrx_word' id='word_1_21' title='bbox 2514 584 2743 676; x_wconf 78' lang='lat' dir='ltr'><strong>Argis</strong></span> 
     </span>
    </p>
   </div>
   <div class='ocr_carea' id='block_1_4' title="bbox 457 709 2828 2060">
    <p class='ocr_par' dir='ltr' id='par_1_4' title="bbox 457 709 2743 1687">
     <span class='ocr_line' id='line_1_4' title="bbox 514 709 2743 807; baseline -0 -26"><span class='ocrx_word' id='word_1_22' title='bbox 514 711 960 782; x_wconf 84' lang='lat' dir='ltr'><strong>redditurum</strong></span> <span class='ocrx_word' id='word_1_23' title='bbox 1013 732 1176 782; x_wconf 81' lang='lat' dir='ltr'><strong>esse</strong></span> <span class='ocrx_word' id='word_1_24' title='bbox 1228 712 1299 783; x_wconf 90' lang='lat' dir='ltr'><strong>ei</strong></span> <span class='ocrx_word' id='word_1_25' title='bbox 1347 714 1442 784; x_wconf 89' lang='lat' dir='ltr'><strong>ad</strong></span> <span class='ocrx_word' id='word_1_26' title='bbox 1490 736 1703 807; x_wconf 89' lang='lat' dir='ltr'><strong>quem</strong></span> <span class='ocrx_word' id='word_1_27' title='bbox 1742 714 1886 784; x_wconf 87' lang='lat' dir='ltr'><strong>sint</strong></span> <span class='ocrx_word' id='word_1_28' title='bbox 1924 714 2256 805; x_wconf 76' lang='lat' dir='ltr'>scriptae.</span> <span class='ocrx_word' id='word_1_29' title='bbox 2335 709 2743 783; x_wconf 78' lang='lat' dir='ltr'><strong>Paciscitur</strong></span> 
     </span>
     <span class='ocr_line' id='line_1_5' title="bbox 518 832 2740 931; baseline -0 -24"><span class='ocrx_word' id='word_1_30' title='bbox 518 858 681 908; x_wconf 88' lang='lat' dir='ltr'><strong>cum</strong></span> <span class='ocrx_word' id='word_1_31' title='bbox 745 858 833 921; x_wconf 81' lang='lat' dir='ltr'><strong>ea</strong></span> <span class='ocrx_word' id='word_1_32' title='bbox 884 832 1220 924; x_wconf 84' lang='lat' dir='ltr'><strong>Orestes,</strong></span> <span class='ocrx_word' id='word_1_33' title='bbox 1300 847 1387 909; x_wconf 79' lang='lat' dir='ltr'><strong>ut</strong></span> <span class='ocrx_word' id='word_1_34' title='bbox 1444 840 1603 931; x_wconf 89' lang='lat' dir='ltr'><strong>ipsa</strong></span> <span class='ocrx_word' id='word_1_35' title='bbox 1667 839 1986 910; x_wconf 84' lang='lat' dir='ltr'><strong>vicissim</strong></span> <span class='ocrx_word' id='word_1_36' title='bbox 2034 839 2265 926; x_wconf 87' lang='lat' dir='ltr'><strong>iuret,</strong></span> <span class='ocrx_word' id='word_1_37' title='bbox 2332 845 2740 927; x_wconf 77' lang='lat' dir='ltr'><strong>curaturam</strong></span> 
     </span>
     <span class='ocr_line' id='line_1_6' title="bbox 457 960 2743 1041; baseline 0 -9"><span class='ocrx_word' id='word_1_38' title='bbox 457 969 462 974; x_wconf 84' lang='grc'><em>’</em></span> <span class='ocrx_word' id='word_1_39' title='bbox 513 960 636 1032; x_wconf 86' lang='lat' dir='ltr'><strong>ille</strong></span> <span class='ocrx_word' id='word_1_40' title='bbox 699 968 781 1034; x_wconf 89' lang='lat' dir='ltr'><strong>ut</strong></span> <span class='ocrx_word' id='word_1_41' title='bbox 840 961 1056 1033; x_wconf 86' lang='lat' dir='ltr'><strong>vivus</strong></span> <span class='ocrx_word' id='word_1_42' title='bbox 1123 987 1218 1034; x_wconf 85' lang='lat' dir='ltr'><strong>ex</strong></span> <span class='ocrx_word' id='word_1_43' title='bbox 1283 964 1395 1035; x_wconf 87' lang='lat' dir='ltr'><strong>his</strong></span> <span class='ocrx_word' id='word_1_44' title='bbox 1462 967 1643 1041; x_wconf 77' lang='lat' dir='ltr'><strong>loeis</strong></span> <span class='ocrx_word' id='word_1_45' title='bbox 1708 969 1942 1038; x_wconf 85' lang='lat' dir='ltr'><strong>abeat.</strong></span> <span class='ocrx_word' id='word_1_46' title='bbox 2058 964 2532 1037; x_wconf 84' lang='lat' dir='ltr'><strong>Metuendum</strong></span> <span class='ocrx_word' id='word_1_47' title='bbox 2583 971 2743 1033; x_wconf 73' lang='lat' dir='ltr'><strong>erat</strong></span> 
     </span>
     <span class='ocr_line' id='line_1_7' title="bbox 515 1087 2739 1184; baseline 0 -27"><span class='ocrx_word' id='word_1_48' title='bbox 515 1087 705 1159; x_wconf 89' lang='lat' dir='ltr'><strong>enim</strong></span> <span class='ocrx_word' id='word_1_49' title='bbox 754 1110 846 1156; x_wconf 89' lang='lat' dir='ltr'><strong>ne</strong></span> <span class='ocrx_word' id='word_1_50' title='bbox 896 1110 1032 1158; x_wconf 83' lang='lat' dir='ltr'><strong>rex</strong></span> <span class='ocrx_word' id='word_1_51' title='bbox 1081 1089 1158 1161; x_wconf 91' lang='lat' dir='ltr'><strong>id</strong></span> <span class='ocrx_word' id='word_1_52' title='bbox 1205 1090 1679 1182; x_wconf 77' lang='lat' dir='ltr'><strong>impediturus</strong></span> <span class='ocrx_word' id='word_1_53' title='bbox 1723 1098 1941 1165; x_wconf 86' lang='lat' dir='ltr'><strong>esset.</strong></span> <span class='ocrx_word' id='word_1_54' title='bbox 2043 1090 2305 1184; x_wconf 86' lang='lat' dir='ltr'><strong>Itaque</strong></span> <span class='ocrx_word' id='word_1_55' title='bbox 2331 1089 2739 1182; x_wconf 74' lang='lat' dir='ltr'><strong>Iphigenia,</strong></span> 
     </span>
     <span class='ocr_line' id='line_1_8' title="bbox 510 1212 2739 1317; baseline 0.002 -34"><span class='ocrx_word' id='word_1_56' title='bbox 510 1212 831 1304; x_wconf 85' lang='lat' dir='ltr'><strong>paullum</strong></span> <span class='ocrx_word' id='word_1_57' title='bbox 873 1215 1095 1299; x_wconf 82' lang='lat' dir='ltr'><strong>tacita</strong></span> <span class='ocrx_word' id='word_1_58' title='bbox 1134 1239 1384 1288; x_wconf 86' lang='lat' dir='ltr'><strong>secum</strong></span> <span class='ocrx_word' id='word_1_59' title='bbox 1427 1219 1569 1290; x_wconf 92' lang='lat' dir='ltr'><strong>hoc</strong></span> <span class='ocrx_word' id='word_1_60' title='bbox 1605 1216 2011 1304; x_wconf 83' lang='lat' dir='ltr'><strong>recordata,</strong></span> <span class='ocrx_word' id='word_1_61' title='bbox 2066 1217 2486 1317; x_wconf 75' lang='lat' dir='ltr'><strong>effecturam</strong></span> <span class='ocrx_word' id='word_1_62' title='bbox 2521 1236 2739 1306; x_wconf 83' lang='lat' dir='ltr'><strong>spon-</strong></span> 
     </span>
     <span class='ocr_line' id='line_1_9' title="bbox 506 1335 2739 1436; baseline 0 -26"><span class='ocrx_word' id='word_1_63' title='bbox 506 1340 655 1410; x_wconf 81' lang='lat' dir='ltr'><strong>det.</strong></span> <span class='ocrx_word' id='word_1_64' title='bbox 785 1337 1041 1411; x_wconf 80' lang='lat' dir='ltr'><strong>Iurant</strong></span> <span class='ocrx_word' id='word_1_65' title='bbox 1102 1342 1326 1434; x_wconf 80' lang='lat' dir='ltr'><strong>igitur</strong></span> <span class='ocrx_word' id='word_1_66' title='bbox 1388 1347 1639 1417; x_wconf 77' lang='lat' dir='ltr'><strong>ambo:</strong></span> <span class='ocrx_word' id='word_1_67' title='bbox 1726 1347 1857 1435; x_wconf 81' lang='lat' dir='ltr'><strong>sed</strong></span> <span class='ocrx_word' id='word_1_68' title='bbox 1917 1341 2274 1436; x_wconf 82' lang='lat' dir='ltr'><strong>Pylades,</strong></span> <span class='ocrx_word' id='word_1_69' title='bbox 2355 1352 2436 1414; x_wconf 90' lang='lat' dir='ltr'><strong>ut</strong></span> <span class='ocrx_word' id='word_1_70' title='bbox 2502 1335 2739 1412; x_wconf 71' lang='lat' dir='ltr'><strong>virum</strong></span> 
     </span>
     <span class='ocr_line' id='line_1_10' title="bbox 507 1454 2737 1567; baseline 0 -31"><span class='ocrx_word' id='word_1_71' title='bbox 507 1466 931 1567; x_wconf 79' lang='lat' dir='ltr'><strong>prudentem</strong></span> <span class='ocrx_word' id='word_1_72' title='bbox 946 1468 1271 1556; x_wconf 76' lang='lat' dir='ltr'>decebat,</span> <span class='ocrx_word' id='word_1_73' title='bbox 1301 1470 1558 1542; x_wconf 85' lang='lat' dir='ltr'><strong>videns</strong></span> <span class='ocrx_word' id='word_1_74' title='bbox 1572 1454 1956 1562; x_wconf 83' lang='lat' dir='ltr'><strong>naufragio</strong></span> <span class='ocrx_word' id='word_1_75' title='bbox 1973 1470 2208 1562; x_wconf 80' lang='lat' dir='ltr'><strong>perire</strong></span> <span class='ocrx_word' id='word_1_76' title='bbox 2223 1492 2442 1562; x_wconf 89' lang='lat' dir='ltr'><strong>posse</strong></span> <span class='ocrx_word' id='word_1_77' title='bbox 2473 1467 2737 1559; x_wconf 85' lang='lat' dir='ltr'><strong>episto·</strong></span> 
     </span>
     <span class='ocr_line' id='line_1_11' title="bbox 503 1570 2737 1687; baseline 0.001 -26"><span class='ocrx_word' id='word_1_78' title='bbox 503 1590 690 1679; x_wconf 84' lang='lat' dir='ltr'><strong>lam,</strong></span> <span class='ocrx_word' id='word_1_79' title='bbox 773 1570 914 1663; x_wconf 85' lang='lat' dir='ltr'><strong>hoc</strong></span> <span class='ocrx_word' id='word_1_80' title='bbox 976 1602 1059 1664; x_wconf 86' lang='lat' dir='ltr'><strong>ut</strong></span> <span class='ocrx_word' id='word_1_81' title='bbox 1120 1595 1258 1667; x_wconf 84' lang='lat' dir='ltr'><strong>sihi</strong></span> <span class='ocrx_word' id='word_1_82' title='bbox 1320 1596 1477 1666; x_wconf 87' lang='lat' dir='ltr'><strong>sine</strong></span> <span class='ocrx_word' id='word_1_83' title='bbox 1538 1598 1802 1667; x_wconf 83' lang='lat' dir='ltr'><strong>fraude</strong></span> <span class='ocrx_word' id='word_1_84' title='bbox 1869 1596 1962 1666; x_wconf 84' lang='lat' dir='ltr'><strong>sit</strong></span> <span class='ocrx_word' id='word_1_85' title='bbox 2011 1597 2352 1687; x_wconf 85' lang='lat' dir='ltr'><strong>postulat.</strong></span> <span class='ocrx_word' id='word_1_86' title='bbox 2469 1593 2583 1666; x_wconf 87' lang='lat' dir='ltr'><strong>Eo</strong></span> <span class='ocrx_word' id='word_1_87' title='bbox 2633 1594 2737 1678; x_wconf 81' lang='lat' dir='ltr'><strong>fit,</strong></span> 
     </span>
    </p>

    <p class='ocr_par' dir='ltr' id='par_1_5' title="bbox 504 1700 2828 2060">
     <span class='ocr_line' id='line_1_12' title="bbox 506 1700 2828 1811; baseline 0.001 -25"><span class='ocrx_word' id='word_1_88' title='bbox 506 1725 589 1786; x_wconf 91' lang='lat' dir='ltr'><strong>ut</strong></span> <span class='ocrx_word' id='word_1_89' title='bbox 637 1715 1056 1809; x_wconf 78' lang='lat' dir='ltr'><strong>Iphigenia,</strong></span> <span class='ocrx_word' id='word_1_90' title='bbox 1122 1720 1328 1790; x_wconf 89' lang='lat' dir='ltr'><strong>cuius</strong></span> <span class='ocrx_word' id='word_1_91' title='bbox 1378 1721 1764 1811; x_wconf 85' lang='lat' dir='ltr'><strong>plurimum</strong></span> <span class='ocrx_word' id='word_1_92' title='bbox 1816 1720 2116 1792; x_wconf 85' lang='lat' dir='ltr'><strong>interest</strong></span> <span class='ocrx_word' id='word_1_93' title='bbox 2139 1744 2253 1790; x_wconf 78' lang='lat' dir='ltr'><strong>ne</strong></span> <span class='ocrx_word' id='word_1_94' title='bbox 2306 1720 2445 1803; x_wconf 82' lang='lat' dir='ltr'><strong>sibi</strong></span> <span class='ocrx_word' id='word_1_95' title='bbox 2491 1720 2740 1791; x_wconf 83' lang='lat' dir='ltr'><strong>nuncii</strong></span> <span class='ocrx_word' id='word_1_96' title='bbox 2825 1700 2828 1701; x_wconf 3' lang='grc' dir='ltr'><em>ἡ</em></span> 
     </span>
     <span class='ocr_line' id='line_1_13' title="bbox 504 1840 2740 1939; baseline 0.002 -27"><span class='ocrx_word' id='word_1_97' title='bbox 504 1840 757 1934; x_wconf 78' lang='lat' dir='ltr'><strong>Argos</strong></span> <span class='ocrx_word' id='word_1_98' title='bbox 832 1843 1158 1915; x_wconf 87' lang='lat' dir='ltr'><strong>mittendi</strong></span> <span class='ocrx_word' id='word_1_99' title='bbox 1237 1847 1736 1937; x_wconf 77' lang='lat' dir='ltr'><strong>opportunitas</strong></span> <span class='ocrx_word' id='word_1_100' title='bbox 1812 1855 2103 1938; x_wconf 82' lang='lat' dir='ltr'><strong>pereat,</strong></span> <span class='ocrx_word' id='word_1_101' title='bbox 2182 1846 2489 1918; x_wconf 74' lang='lat' dir='ltr'><strong>recitare</strong></span> <span class='ocrx_word' id='word_1_102' title='bbox 2550 1869 2740 1939; x_wconf 83' lang='lat' dir='ltr'><strong>quae</strong></span> 
     </span>
     <span class='ocr_line' id='line_1_14' title="bbox 505 1966 2740 2060; baseline 0.002 -24"><span class='ocrx_word' id='word_1_103' title='bbox 505 1966 774 2059; x_wconf 86' lang='lat' dir='ltr'><strong>scripta</strong></span> <span class='ocrx_word' id='word_1_104' title='bbox 836 1966 980 2038; x_wconf 87' lang='lat' dir='ltr'><strong>sint</strong></span> <span class='ocrx_word' id='word_1_105' title='bbox 1044 1970 1117 2039; x_wconf 89' lang='lat' dir='ltr'><strong>in</strong></span> <span class='ocrx_word' id='word_1_106' title='bbox 1182 1973 1469 2043; x_wconf 89' lang='lat' dir='ltr'><strong>tabellis</strong></span> <span class='ocrx_word' id='word_1_107' title='bbox 1534 1972 1960 2058; x_wconf 80' lang='lat' dir='ltr'><strong>constituat,</strong></span> <span class='ocrx_word' id='word_1_108' title='bbox 2013 1978 2133 2060; x_wconf 86' lang='lat' dir='ltr'><strong>ut,</strong></span> <span class='ocrx_word' id='word_1_109' title='bbox 2185 1973 2249 2042; x_wconf 87' lang='lat' dir='ltr'><strong>si</strong></span> <span class='ocrx_word' id='word_1_110' title='bbox 2299 1973 2469 2042; x_wconf 85' lang='lat' dir='ltr'><strong>illae</strong></span> <span class='ocrx_word' id='word_1_111' title='bbox 2521 1973 2740 2042; x_wconf 89' lang='lat' dir='ltr'><strong>inter·</strong></span> 
     </span>
    </p>
   </div>
   <div class='ocr_carea' id='block_1_5' title="bbox 503 2088 2857 2192">
    <p class='ocr_par' dir='ltr' id='par_1_6' title="bbox 503 2088 2857 2192">
     <span class='ocr_line' id='line_1_15' title="bbox 503 2088 2857 2192; baseline 0.003 -29"><span class='ocrx_word' id='word_1_112' title='bbox 503 2099 709 2179; x_wconf 88' lang='lat' dir='ltr'><strong>eant,</strong></span> <span class='ocrx_word' id='word_1_113' title='bbox 799 2116 926 2164; x_wconf 89' lang='lat' dir='ltr'><strong>ore</strong></span> <span class='ocrx_word' id='word_1_114' title='bbox 979 2099 1255 2169; x_wconf 84' lang='lat' dir='ltr'><strong>referre</strong></span> <span class='ocrx_word' id='word_1_115' title='bbox 1318 2095 1640 2190; x_wconf 87' lang='lat' dir='ltr'><strong>Pylades</strong></span> <span class='ocrx_word' id='word_1_116' title='bbox 1688 2088 1886 2192; x_wconf 87' lang='lat' dir='ltr'><strong>quod</strong></span> <span class='ocrx_word' id='word_1_117' title='bbox 1932 2099 2168 2169; x_wconf 84' lang='lat' dir='ltr'><strong>inerat</strong></span> <span class='ocrx_word' id='word_1_118' title='bbox 2214 2098 2465 2189; x_wconf 88' lang='lat' dir='ltr'><strong>possit.</strong></span> <span class='ocrx_word' id='word_1_119' title='bbox 2572 2098 2741 2169; x_wconf 78' lang='lat' dir='ltr'><strong>Hoc</strong></span> <span class='ocrx_word' id='word_1_120' title='bbox 2852 2150 2857 2156; x_wconf 86' lang='lat'>-</span> 
     </span>
    </p>
   </div>
   <div class='ocr_carea' id='block_1_6' title="bbox 427 2219 2740 4584">
    <p class='ocr_par' dir='ltr' id='par_1_7' title="bbox 427 2219 2740 4584">
     <span class='ocr_line' id='line_1_16' title="bbox 502 2219 2738 2318; baseline 0 -27"><span class='ocrx_word' id='word_1_121' title='bbox 502 2219 813 2310; x_wconf 82' lang='lat' dir='ltr'><strong>simplici</strong></span> <span class='ocrx_word' id='word_1_122' title='bbox 890 2234 965 2292; x_wconf 91' lang='lat' dir='ltr'><strong>et</strong></span> <span class='ocrx_word' id='word_1_123' title='bbox 1046 2246 1143 2294; x_wconf 83' lang='lat' dir='ltr'><strong>ex</strong></span> <span class='ocrx_word' id='word_1_124' title='bbox 1222 2247 1304 2295; x_wconf 91' lang='lat' dir='ltr'><strong>re</strong></span> <span class='ocrx_word' id='word_1_125' title='bbox 1381 2225 1546 2317; x_wconf 85' lang='lat' dir='ltr'><strong>ipsa</strong></span> <span class='ocrx_word' id='word_1_126' title='bbox 1606 2225 1814 2318; x_wconf 85' lang='lat' dir='ltr'><strong>quasi</strong></span> <span class='ocrx_word' id='word_1_127' title='bbox 1869 2231 2133 2316; x_wconf 80' lang='lat' dir='ltr'><strong>sponte</strong></span> <span class='ocrx_word' id='word_1_128' title='bbox 2197 2233 2367 2295; x_wconf 80' lang='lat' dir='ltr'><strong>nato</strong></span> <span class='ocrx_word' id='word_1_129' title='bbox 2440 2225 2738 2295; x_wconf 85' lang='lat' dir='ltr'><strong>invento</strong></span> 
     </span>
     <span class='ocr_line' id='line_1_17' title="bbox 502 2349 2740 2445; baseline -0.001 -22"><span class='ocrx_word' id='word_1_130' title='bbox 502 2353 684 2423; x_wconf 87' lang='lat' dir='ltr'><strong>illud</strong></span> <span class='ocrx_word' id='word_1_131' title='bbox 737 2359 1220 2441; x_wconf 80' lang='lat' dir='ltr'><strong>consequutus</strong></span> <span class='ocrx_word' id='word_1_132' title='bbox 1273 2357 1383 2422; x_wconf 90' lang='lat' dir='ltr'><strong>est</strong></span> <span class='ocrx_word' id='word_1_133' title='bbox 1432 2349 1857 2443; x_wconf 85' lang='lat' dir='ltr'><strong>Euripides,</strong></span> <span class='ocrx_word' id='word_1_134' title='bbox 1910 2355 2025 2439; x_wconf 90' lang='lat' dir='ltr'><strong>ut,</strong></span> <span class='ocrx_word' id='word_1_135' title='bbox 2080 2373 2224 2445; x_wconf 88' lang='lat' dir='ltr'><strong>quo</strong></span> <span class='ocrx_word' id='word_1_136' title='bbox 2275 2350 2510 2420; x_wconf 75' lang='lat' dir='ltr'><strong>minus</strong></span> <span class='ocrx_word' id='word_1_137' title='bbox 2542 2349 2740 2440; x_wconf 88' lang='lat' dir='ltr'><strong>Iphi-</strong></span> 
     </span>
     <span class='ocr_line' id='line_1_18' title="bbox 504 2475 2737 2571; baseline -0 -22"><span class='ocrx_word' id='word_1_138' title='bbox 504 2478 722 2571; x_wconf 83' lang='lat' dir='ltr'><strong>genia</strong></span> <span class='ocrx_word' id='word_1_139' title='bbox 769 2477 1177 2571; x_wconf 83' lang='lat' dir='ltr'><strong>suspicatur</strong></span> <span class='ocrx_word' id='word_1_140' title='bbox 1224 2478 1547 2565; x_wconf 86' lang='lat' dir='ltr'><strong>fratrem,</strong></span> <span class='ocrx_word' id='word_1_141' title='bbox 1602 2480 1696 2549; x_wconf 88' lang='lat' dir='ltr'><strong>ad</strong></span> <span class='ocrx_word' id='word_1_142' title='bbox 1746 2500 1958 2571; x_wconf 88' lang='lat' dir='ltr'><strong>quem</strong></span> <span class='ocrx_word' id='word_1_143' title='bbox 2002 2477 2288 2568; x_wconf 75' lang='lat' dir='ltr'><strong>scripsit</strong></span> <span class='ocrx_word' id='word_1_144' title='bbox 2329 2475 2737 2567; x_wconf 81' lang='lat' dir='ltr'><strong>epistolam,</strong></span> 
     </span>
     <span class='ocr_line' id='line_1_19' title="bbox 504 2595 2739 2696; baseline 0 -22"><span class='ocrx_word' id='word_1_145' title='bbox 504 2626 753 2676; x_wconf 86' lang='lat' dir='ltr'><strong>coram</strong></span> <span class='ocrx_word' id='word_1_146' title='bbox 819 2606 1110 2678; x_wconf 88' lang='lat' dir='ltr'><strong>adstare</strong></span> <span class='ocrx_word' id='word_1_147' title='bbox 1175 2611 1251 2674; x_wconf 86' lang='lat' dir='ltr'><strong>et</strong></span> <span class='ocrx_word' id='word_1_148' title='bbox 1309 2604 1451 2674; x_wconf 89' lang='lat' dir='ltr'><strong>ista</strong></span> <span class='ocrx_word' id='word_1_149' title='bbox 1513 2612 1965 2696; x_wconf 72' lang='lat' dir='ltr'><strong>praesentem</strong></span> <span class='ocrx_word' id='word_1_150' title='bbox 2013 2602 2266 2674; x_wconf 89' lang='lat' dir='ltr'><strong>audire</strong></span> <span class='ocrx_word' id='word_1_151' title='bbox 2285 2652 2308 2690; x_wconf 88' lang='lat'><strong>,</strong></span> <span class='ocrx_word' id='word_1_152' title='bbox 2376 2625 2464 2672; x_wconf 91' lang='lat' dir='ltr'><strong>eo</strong></span> <span class='ocrx_word' id='word_1_153' title='bbox 2515 2595 2739 2675; x_wconf 64' lang='lat' dir='ltr'><strong>vehe-</strong></span> 
     </span>
     <span class='ocr_line' id='line_1_20' title="bbox 503 2726 2738 2823; baseline 0 -21"><span class='ocrx_word' id='word_1_154' title='bbox 503 2729 813 2802; x_wconf 87' lang='lat' dir='ltr'><strong>mentius</strong></span> <span class='ocrx_word' id='word_1_155' title='bbox 866 2751 1085 2823; x_wconf 88' lang='lat' dir='ltr'><strong>quum</strong></span> <span class='ocrx_word' id='word_1_156' title='bbox 1120 2726 1421 2801; x_wconf 84' lang='lat' dir='ltr'><strong>Orestes</strong></span> <span class='ocrx_word' id='word_1_157' title='bbox 1471 2738 2038 2817; x_wconf 79' lang='lat' dir='ltr'><strong>commoveatur,</strong></span> <span class='ocrx_word' id='word_1_158' title='bbox 2088 2736 2241 2801; x_wconf 80' lang='lat' dir='ltr'><strong>tum</strong></span> <span class='ocrx_word' id='word_1_159' title='bbox 2289 2735 2738 2821; x_wconf 78' lang='lat' dir='ltr'><strong>spectatores</strong></span> 
     </span>
     <span class='ocr_line' id='line_1_21' title="bbox 503 2854 2738 2947; baseline -0.001 -19"><span class='ocrx_word' id='word_1_160' title='bbox 503 2856 646 2928; x_wconf 86' lang='lat' dir='ltr'><strong>hac</strong></span> <span class='ocrx_word' id='word_1_161' title='bbox 707 2858 1046 2928; x_wconf 83' lang='lat' dir='ltr'><strong>fortunae</strong></span> <span class='ocrx_word' id='word_1_162' title='bbox 1111 2856 1606 2932; x_wconf 84' lang='lat' dir='ltr'><strong>conversionis</strong></span> <span class='ocrx_word' id='word_1_163' title='bbox 1668 2857 2065 2928; x_wconf 81' lang='lat' dir='ltr'><strong>mutatione</strong></span> <span class='ocrx_word' id='word_1_164' title='bbox 2113 2857 2489 2947; x_wconf 83' lang='lat' dir='ltr'><strong>trepident.</strong></span> <span class='ocrx_word' id='word_1_165' title='bbox 2595 2854 2738 2925; x_wconf 81' lang='lat' dir='ltr'><strong>Ubi</strong></span> 
     </span>
     <span class='ocr_line' id='line_1_22' title="bbox 505 2968 2736 3074; baseline -0.001 -20"><span class='ocrx_word' id='word_1_166' title='bbox 505 2968 755 3054; x_wconf 82' lang='lat' dir='ltr'><strong>Oresti</strong></span> <span class='ocrx_word' id='word_1_167' title='bbox 818 2982 1388 3074; x_wconf 77' lang='lat' dir='ltr'><strong>Agamemnonis</strong></span> <span class='ocrx_word' id='word_1_168' title='bbox 1463 2983 1614 3053; x_wconf 86' lang='lat' dir='ltr'><strong>filio</strong></span> <span class='ocrx_word' id='word_1_169' title='bbox 1683 3004 2008 3053; x_wconf 86' lang='lat' dir='ltr'><strong>sororem</strong></span> <span class='ocrx_word' id='word_1_170' title='bbox 2071 2980 2523 3074; x_wconf 74' lang='lat' dir='ltr'><strong>Iphigeniam</strong></span> <span class='ocrx_word' id='word_1_171' title='bbox 2586 3005 2736 3053; x_wconf 88' lang='lat' dir='ltr'><strong>non</strong></span> 
     </span>
     <span class='ocr_line' id='line_1_23' title="bbox 504 3084 2734 3200; baseline -0 -22"><span class='ocrx_word' id='word_1_172' title='bbox 504 3111 898 3195; x_wconf 87' lang='lat' dir='ltr'><strong>mortuam,</strong></span> <span class='ocrx_word' id='word_1_173' title='bbox 978 3108 1109 3178; x_wconf 89' lang='lat' dir='ltr'><strong>sed</strong></span> <span class='ocrx_word' id='word_1_174' title='bbox 1185 3084 1549 3178; x_wconf 73' lang='lat' dir='ltr'><strong>viventem</strong></span> <span class='ocrx_word' id='word_1_175' title='bbox 1612 3108 1929 3179; x_wconf 85' lang='lat' dir='ltr'><strong>scribere</strong></span> <span class='ocrx_word' id='word_1_176' title='bbox 1990 3107 2114 3177; x_wconf 91' lang='lat' dir='ltr'><strong>ille</strong></span> <span class='ocrx_word' id='word_1_177' title='bbox 2179 3106 2493 3195; x_wconf 82' lang='lat' dir='ltr'><strong>audivit,</strong></span> <span class='ocrx_word' id='word_1_178' title='bbox 2573 3129 2734 3200; x_wconf 85' lang='lat' dir='ltr'><strong>per·</strong></span> 
     </span>
     <span class='ocr_line' id='line_1_24' title="bbox 507 3231 2735 3321; baseline -0.001 -17"><span class='ocrx_word' id='word_1_179' title='bbox 507 3233 752 3304; x_wconf 85' lang='lat' dir='ltr'><strong>culsus</strong></span> <span class='ocrx_word' id='word_1_180' title='bbox 801 3232 1466 3321; x_wconf 85' lang='lat' dir='ltr'><strong>vehementissime,</strong></span> <span class='ocrx_word' id='word_1_181' title='bbox 1534 3234 1687 3304; x_wconf 85' lang='lat' dir='ltr'><strong>uhi</strong></span> <span class='ocrx_word' id='word_1_182' title='bbox 1741 3243 1879 3305; x_wconf 89' lang='lat' dir='ltr'><strong>est</strong></span> <span class='ocrx_word' id='word_1_183' title='bbox 1928 3231 2139 3304; x_wconf 61' lang='lat' dir='ltr'><strong>illa?</strong></span> <span class='ocrx_word' id='word_1_184' title='bbox 2210 3253 2318 3307; x_wconf 6' lang='lat' dir='ltr'><strong>ain</strong></span> <span class='ocrx_word' id='word_1_185' title='bbox 2379 3237 2735 3303; x_wconf 72' lang='lat' dir='ltr'><strong>mortu‘a</strong></span> 
     </span>
     <span class='ocr_line' id='line_1_25' title="bbox 504 3356 2736 3451; baseline 0 -22"><span class='ocrx_word' id='word_1_186' title='bbox 504 3356 910 3436; x_wconf 61' lang='lat' dir='ltr'><strong>revixit?</strong></span> <span class='ocrx_word' id='word_1_187' title='bbox 1012 3360 1389 3430; x_wconf 83' lang='lat' dir='ltr'><strong>exclamat.</strong></span> <span class='ocrx_word' id='word_1_188' title='bbox 1522 3358 1672 3429; x_wconf 87' lang='lat' dir='ltr'><strong>Illa</strong></span> <span class='ocrx_word' id='word_1_189' title='bbox 1748 3381 1926 3429; x_wconf 82' lang='lat' dir='ltr'><strong>vero</strong></span> <span class='ocrx_word' id='word_1_190' title='bbox 2005 3362 2298 3451; x_wconf 81' lang='lat' dir='ltr'><strong>ignara,</strong></span> <span class='ocrx_word' id='word_1_191' title='bbox 2400 3381 2530 3429; x_wconf 89' lang='lat' dir='ltr'><strong>cur</strong></span> <span class='ocrx_word' id='word_1_192' title='bbox 2591 3358 2736 3429; x_wconf 88' lang='lat' dir='ltr'><strong>hoc</strong></span> 
     </span>
     <span class='ocr_line' id='line_1_26' title="bbox 507 3459 2731 3580; baseline -0.001 -24"><span class='ocrx_word' id='word_1_193' title='bbox 507 3492 833 3580; x_wconf 84' lang='lat' dir='ltr'><strong>quaerat,</strong></span> <span class='ocrx_word' id='word_1_194' title='bbox 885 3483 1114 3556; x_wconf 89' lang='lat' dir='ltr'><strong>haec</strong></span> <span class='ocrx_word' id='word_1_195' title='bbox 1162 3505 1418 3577; x_wconf 85' lang='lat' dir='ltr'><strong>quam</strong></span> <span class='ocrx_word' id='word_1_196' title='bbox 1465 3475 1767 3570; x_wconf 80' lang='lat' dir='ltr'><strong>vides&#39;,</strong></span> <span class='ocrx_word' id='word_1_197' title='bbox 1822 3459 2239 3577; x_wconf 45' lang='lat' dir='ltr'><strong>inquitrne</strong></span> <span class='ocrx_word' id='word_1_198' title='bbox 2289 3507 2421 3555; x_wconf 89' lang='lat' dir='ltr'><strong>me</strong></span> <span class='ocrx_word' id='word_1_199' title='bbox 2462 3485 2731 3559; x_wconf 79' lang='lat' dir='ltr'><strong>inter·</strong></span> 
     </span>
     <span class='ocr_line' id='line_1_27' title="bbox 506 3610 2731 3705; baseline -0 -25"><span class='ocrx_word' id='word_1_200' title='bbox 506 3612 695 3701; x_wconf 89' lang='lat' dir='ltr'><strong>pell</strong></span> <span class='ocrx_word' id='word_1_201' title='bbox 714 3634 780 3684; x_wconf 86' lang='lat' dir='ltr'><strong>a.</strong></span> <span class='ocrx_word' id='word_1_202' title='bbox 903 3610 1151 3691; x_wconf 76' lang='lat' dir='ltr'><strong>Quum</strong></span> <span class='ocrx_word' id='word_1_203' title='bbox 1215 3610 1453 3705; x_wconf 81' lang='lat' dir='ltr'><strong>pergit</strong></span> <span class='ocrx_word' id='word_1_204' title='bbox 1516 3610 1781 3701; x_wconf 88' lang='lat' dir='ltr'><strong>scripta</strong></span> <span class='ocrx_word' id='word_1_205' title='bbox 1846 3612 2193 3697; x_wconf 88' lang='lat' dir='ltr'><strong>recitare,</strong></span> <span class='ocrx_word' id='word_1_206' title='bbox 2276 3611 2536 3698; x_wconf 73' lang='lat' dir='ltr'><strong>iterum</strong></span> <span class='ocrx_word' id='word_1_207' title='bbox 2603 3610 2731 3680; x_wconf 89' lang='lat' dir='ltr'><strong>illo</strong></span> 
     </span>
     <span class='ocr_line' id='line_1_28' title="bbox 427 3726 2733 3836; baseline 0 -32"><span class='ocrx_word' id='word_1_208' title='bbox 427 3726 432 3731; x_wconf 67' lang='grc'><strong>’</strong></span> <span class='ocrx_word' id='word_1_209' title='bbox 509 3735 924 3836; x_wconf 79' lang='lat' dir='ltr'><strong>iterumque</strong></span> <span class='ocrx_word' id='word_1_210' title='bbox 952 3740 1403 3810; x_wconf 82' lang='lat' dir='ltr'><strong>exclamante</strong></span> <span class='ocrx_word' id='word_1_211' title='bbox 1446 3759 1663 3832; x_wconf 89' lang='lat' dir='ltr'><strong>quum</strong></span> <span class='ocrx_word' id='word_1_212' title='bbox 1702 3737 1984 3829; x_wconf 86' lang='lat' dir='ltr'><strong>quaerit</strong></span> <span class='ocrx_word' id='word_1_213' title='bbox 2019 3735 2193 3828; x_wconf 81' lang='lat' dir='ltr'><strong>quid</strong></span> <span class='ocrx_word' id='word_1_214' title='bbox 2244 3735 2317 3806; x_wconf 86' lang='lat' dir='ltr'><strong>in</strong></span> <span class='ocrx_word' id='word_1_215' title='bbox 2360 3758 2441 3805; x_wconf 83' lang='lat' dir='ltr'><strong>re</strong></span> <span class='ocrx_word' id='word_1_216' title='bbox 2494 3735 2733 3805; x_wconf 86' lang='lat' dir='ltr'><strong>aliena</strong></span> 
     </span>
     <span class='ocr_line' id='line_1_29' title="bbox 512 3848 2729 3957; baseline -0.002 -26"><span class='ocrx_word' id='word_1_217' title='bbox 512 3862 693 3931; x_wconf 84' lang='lat' dir='ltr'><strong>deos</strong></span> <span class='ocrx_word' id='word_1_218' title='bbox 736 3848 1068 3951; x_wconf 82' lang='lat' dir='ltr'><strong>appellet,</strong></span> <span class='ocrx_word' id='word_1_219' title='bbox 1118 3864 1265 3933; x_wconf 89' lang='lat' dir='ltr'><strong>iam</strong></span> <span class='ocrx_word' id='word_1_220' title='bbox 1308 3866 1550 3934; x_wconf 89' lang='lat' dir='ltr'><strong>omnia</strong></span> <span class='ocrx_word' id='word_1_221' title='bbox 1591 3865 1872 3957; x_wconf 85' lang='lat' dir='ltr'><strong>penitus</strong></span> <span class='ocrx_word' id='word_1_222' title='bbox 1922 3862 2176 3933; x_wconf 84' lang='lat' dir='ltr'><strong>audire</strong></span> <span class='ocrx_word' id='word_1_223' title='bbox 2226 3862 2518 3953; x_wconf 88' lang='lat' dir='ltr'><strong>cupiens</strong></span> <span class='ocrx_word' id='word_1_224' title='bbox 2546 3857 2729 3932; x_wconf 85' lang='lat' dir='ltr'><strong>Ore·</strong></span> 
     </span>
     <span class='ocr_line' id='line_1_30' title="bbox 512 3985 2730 4080; baseline -0 -23"><span class='ocrx_word' id='word_1_225' title='bbox 512 3993 703 4072; x_wconf 74' lang='lat' dir='ltr'><strong>ste8‚</strong></span> <span class='ocrx_word' id='word_1_226' title='bbox 804 3986 1037 4055; x_wconf 80' lang='lat' dir='ltr'><strong>nihil</strong></span> <span class='ocrx_word' id='word_1_227' title='bbox 1107 3995 1279 4072; x_wconf 86' lang='lat' dir='ltr'><strong>est,</strong></span> <span class='ocrx_word' id='word_1_228' title='bbox 1385 3989 1645 4080; x_wconf 85' lang='lat' dir='ltr'><strong>inquit:</strong></span> <span class='ocrx_word' id='word_1_229' title='bbox 1754 3988 2006 4061; x_wconf 75' lang='lat' dir='ltr'><strong>aliu-d</strong></span> <span class='ocrx_word' id='word_1_230' title='bbox 2074 3988 2293 4059; x_wconf 78' lang='lat' dir='ltr'><strong>mihi</strong></span> <span class='ocrx_word' id='word_1_231' title='bbox 2372 3999 2564 4056; x_wconf 86' lang='lat' dir='ltr'><strong>erat</strong></span> <span class='ocrx_word' id='word_1_232' title='bbox 2641 3985 2730 4056; x_wconf 86' lang='lat' dir='ltr'><strong>in</strong></span> 
     </span>
     <span class='ocr_line' id='line_1_31' title="bbox 511 4111 2735 4204; baseline -0.002 -22"><span class='ocrx_word' id='word_1_233' title='bbox 511 4117 830 4183; x_wconf 77' lang='lat' dir='ltr'><strong>mente.</strong></span> <span class='ocrx_word' id='word_1_234' title='bbox 911 4111 1188 4182; x_wconf 88' lang='lat' dir='ltr'><strong>Audita</strong></span> <span class='ocrx_word' id='word_1_235' title='bbox 1227 4117 1379 4183; x_wconf 89' lang='lat' dir='ltr'><strong>tota</strong></span> <span class='ocrx_word' id='word_1_236' title='bbox 1426 4113 1734 4204; x_wconf 86' lang='lat' dir='ltr'><strong>epistola</strong></span> <span class='ocrx_word' id='word_1_237' title='bbox 1779 4116 2150 4185; x_wconf 82' lang='lat' dir='ltr'><strong>exsultans</strong></span> <span class='ocrx_word' id='word_1_238' title='bbox 2181 4113 2497 4203; x_wconf 83' lang='lat' dir='ltr'><strong>Pylades</strong></span> <span class='ocrx_word' id='word_1_239' title='bbox 2536 4112 2735 4200; x_wconf 83' lang='lat' dir='ltr'><strong>quod</strong></span> 
     </span>
     <span class='ocr_line' id='line_1_32' title="bbox 516 4234 2735 4331; baseline -0.001 -22"><span class='ocrx_word' id='word_1_240' title='bbox 516 4245 667 4309; x_wconf 87' lang='lat' dir='ltr'><strong>tam</strong></span> <span class='ocrx_word' id='word_1_241' title='bbox 727 4235 946 4307; x_wconf 84' lang='lat' dir='ltr'><strong>facile</strong></span> <span class='ocrx_word' id='word_1_242' title='bbox 1009 4238 1310 4331; x_wconf 84' lang='lat' dir='ltr'><strong>exsequi</strong></span> <span class='ocrx_word' id='word_1_243' title='bbox 1371 4240 1601 4330; x_wconf 85' lang='lat' dir='ltr'><strong>possit</strong></span> <span class='ocrx_word' id='word_1_244' title='bbox 1649 4241 2044 4327; x_wconf 43' lang='lat' dir='ltr'><strong>mandata.</strong></span> <span class='ocrx_word' id='word_1_245' title='bbox 2100 4239 2331 4316; x_wconf 85' lang='lat' dir='ltr'><strong>amico</strong></span> <span class='ocrx_word' id='word_1_246' title='bbox 2349 4288 2371 4324; x_wconf 87' lang='lat'>,</span> <span class='ocrx_word' id='word_1_247' title='bbox 2441 4234 2735 4306; x_wconf 85' lang='lat' dir='ltr'><strong>nomine</strong></span> 
     </span>
     <span class='ocr_line' id='line_1_33' title="bbox 513 4361 2731 4454; baseline -0.001 -20"><span class='ocrx_word' id='word_1_248' title='bbox 513 4385 686 4434; x_wconf 71' lang='lat' dir='ltr'><strong>eum</strong></span> <span class='ocrx_word' id='word_1_249' title='bbox 734 4363 1144 4454; x_wconf 74' lang='lat' dir='ltr'><strong>appellanS,</strong></span> <span class='ocrx_word' id='word_1_250' title='bbox 1225 4365 1498 4437; x_wconf 82' lang='lat' dir='ltr'><strong>sororis</strong></span> <span class='ocrx_word' id='word_1_251' title='bbox 1547 4366 1785 4440; x_wconf 83' lang='lat' dir='ltr'><strong>reddit</strong></span> <span class='ocrx_word' id='word_1_252' title='bbox 1830 4367 2128 4436; x_wconf 84' lang='lat' dir='ltr'><strong>litteras.</strong></span> <span class='ocrx_word' id='word_1_253' title='bbox 2243 4363 2384 4435; x_wconf 85' lang='lat' dir='ltr'><strong>Ille</strong></span> <span class='ocrx_word' id='word_1_254' title='bbox 2445 4361 2731 4453; x_wconf 77' lang='lat' dir='ltr'><strong>accipit,</strong></span> 
     </span>
     <span class='ocr_line' id='line_1_34' title="bbox 514 4489 2732 4584; baseline -0.001 -26"><span class='ocrx_word' id='word_1_255' title='bbox 514 4489 993 4584; x_wconf 81' lang='lat' dir='ltr'><strong>perfususque</strong></span> <span class='ocrx_word' id='word_1_256' title='bbox 1035 4490 1302 4582; x_wconf 76' lang='lat' dir='ltr'><strong>gaudio</strong></span> <span class='ocrx_word' id='word_1_257' title='bbox 1344 4492 1680 4583; x_wconf 83' lang='lat' dir='ltr'><strong>amplecti</strong></span> <span class='ocrx_word' id='word_1_258' title='bbox 1727 4492 1886 4563; x_wconf 84' lang='lat' dir='ltr'><strong>vult</strong></span> <span class='ocrx_word' id='word_1_259' title='bbox 1932 4499 2291 4562; x_wconf 84' lang='lat' dir='ltr'><strong>sororem:</strong></span> <span class='ocrx_word' id='word_1_260' title='bbox 2346 4509 2532 4579; x_wconf 90' lang='lat' dir='ltr'><strong>quae</strong></span> <span class='ocrx_word' id='word_1_261' title='bbox 2584 4493 2732 4556; x_wconf 81' lang='lat' dir='ltr'><strong>stu-</strong></span> 
     </span>
    </p>
   </div>
  </div>
 </body>
</html>
