2934 4982
1284 208 1385 291 25

199 399 436 478 ἔνθεν
485 408 646 480 τῶν
695 399 1036 503 πρόσθεν
1082 403 1547 504 δμαθέντων
1561 408 1614 437 ³¹
1645 412 1662 421 ⁴

208 526 694 607 Τανταλιδᾶν
742 530 1068 630 ἐκβαίνει
1120 531 1346 612 ποινά
1402 536 1474 609 τ’

195 852 339 914 Veri
383 854 568 915 simile
610 862 702 915 est
743 855 1003 940 sing-ulae
1045 864 1112 917 ut
1152 857 1404 937 syllabae
1444 860 1554 920 sihi
1594 862 2023 942 responderint:
2075 872 2136 926 et
2176 874 2335 929 certo
2378 890 2450 931 ea

193 940 502 1020 responsio
559 940 618 999 in
676 942 895 1001 duobus
936 942 1237 1023 postremis
1277 945 1535 1007 versibus
1578 948 1805 1007 restitui
1845 956 2076 1029 potest:
2129 952 2188 1011 in
2232 952 2303 1013 iis
2346 974 2447 1014 au-

200 1031 318 1084 tem
363 1025 614 1098 duobus,
657 1027 752 1105 qui
794 1027 923 1086 illos
964 1029 1337 1107 praecedunt,
1383 1050 1671 1091 numerum
1714 1034 1966 1112 quidem,
2010 1037 2112 1096 sed
2153 1058 2267 1097 non
2311 1038 2448 1101 item

194 1108 296 1168 illa
340 1130 464 1169 cum
508 1110 844 1188 syllabarum
889 1112 1308 1191 comparatione
1352 1133 1428 1174 ex
1469 1115 1541 1175 iis
1584 1136 1725 1196 quas
1781 1119 1948 1179 hodie
1989 1120 2258 1183 habemus
2300 1123 2445 1184 scri·

194 1194 382 1274 pturis
420 1202 750 1256 restaurare
793 1196 943 1256 licet.
1033 1198 1307 1257 Videntur
1347 1198 1445 1259 illa
1486 1198 1571 1261 sic
1609 1202 1940 1264 scribenda:

504 1279 632 1341 ἐπεὶ
676 1276 822 1341 οὐδὲ
860 1278 1240 1360 Κλεομένης,
1287 1276 1354 1354 ὃς
1398 1280 1593 1365 αὗτὴν
1631 1284 1885 1368 κατέσχε
1926 1291 2188 1374 πρῶτος,

503 1359 787 1444 ἀπῆλθεν
827 1359 1220 1442 ἀψάλακτος,
1266 1361 1405 1426 ἀλλ’

501 1443 670 1526 ὅμως
707 1447 1082 1512 Λακωνικὸν
1122 1447 1318 1512 πνέων

500 1527 692 1619 ᾤχετό
734 1531 810 1596 θ’
858 1529 1020 1597 ὅπλα
1062 1530 1386 1619 παραδοὺς
1425 1533 1583 1615 ἐμοί,

499 1611 759 1702 σμικρόν
798 1616 861 1680 τ’
908 1615 1063 1699 ἔχων
1102 1614 1443 1704 τριβώνιον,

501 1706 719 1778 πινῶν,
764 1699 992 1788 ῥυπῶν,

501 1784 916 1873 ἀπαράτιλτος
924 1835 944 1866 ,
986 1784 1055 1865 ἓξ
1096 1788 1250 1853 ἐτῶν
1291 1784 1580 1866 ἄλουτος.

190 1890 437 1952 Ultimos
479 1891 539 1952 in
584 1894 817 1972 stropha
856 1893 943 1954 sie
984 1899 1121 1974 puto
1166 1892 1542 1977 corrigendos
1583 1913 1742 1956 esse:

499 1970 825 2060 κλῄθροισι
870 1975 939 2039 δὲ

497 2058 580 2123 ’τὰ
621 2056 977 2145 προπύλαια
1019 2060 1123 2123 καὶ
1162 2058 1447 2141 μόχλοισι
1490 2062 1785 2124 πακτοῦν.

185 2163 315 2223 Non
352 2165 542 2246 magis
577 2165 824 2225 eiusdem
845 2163 1126 2225 Dindorfii
1163 2163 1547 2244 disputatione
1580 2164 1655 2225 ad
1674 2164 1887 2243 Vespas
1908 2183 1964 2225 v.
1992 2170 2137 2226 418.
2162 2165 2432 2241 adducor,

185 2256 251 2308 ut
282 2248 719 2330 Aristophanem
761 2250 821 2313 in
858 2248 1228 2330 θεοςεχθρία
1261 2257 1321 2309 et
1341 2241 1837 2326 Λακεδαιμόνιον
1875 2249 2155 2309 secundas
2182 2251 2432 2329 syllabas

182 2334 528 2413 produxisse
566 2337 811 2396 credam.
889 2336 977 2395 De
1000 2335 1320 2415 posteriore
1343 2333 1619 2394 vocabulo
1646 2352 1763 2393 nou
1798 2354 1940 2413 opus
1964 2335 2171 2396 verbis.
2252 2334 2434 2412 Θεοῖς

185 2415 414 2502 ἐχθρὸς
439 2428 626 2481 autem
650 2439 816 2500 quum
842 2420 925 2480 ita
944 2426 1315 2499 usurparetur
1337 2426 1401 2477 ut
1438 2439 1541 2498 pro
1580 2438 1695 2478 uno
1734 2419 2044 2499 composito
2081 2419 2305 2479 nomine
2339 2441 2431 2481 es-

182 2511 294 2576 set,
330 2514 587 2585 apertum
620 2515 709 2567 est
737 2505 1047 2565 rectissime
1071 2506 1277 2565 dictum
1303 2524 1431 2564 esse
1460 2506 1632 2575 θεοῖς
1663 2503 1904 2583 ἓχθρία.
1981 2504 2131 2571 Quin
2168 2505 2224 2564 id
2259 2506 2432 2567 etiam

182 2590 422 2651 θεοῖσιν
440 2589 664 2674 ἐχθρία
689 2591 894 2651 dictum
919 2590 1183 2651 coniicio.
1271 2591 1451 2656 Quem
1498 2588 1643 2648 enim
1681 2588 2009 2649 Dindorfius
2042 2591 2310 2671 Archippi
2353 2611 2431 2653 ex

179 2673 355 2734 Pluto
398 2696 653 2748 versum,
722 2677 780 2735 in
825 2695 939 2755 quo
981 2674 1349 2756 θεοςεχθρία
1392 2672 1576 2732 media
1629 2672 1784 2734 brevi
1838 2674 1945 2747 sit,
2011 2682 2076 2733 ut
2119 2676 2428 2736 trimetrum

179 2757 371 2832 affert,
416 2781 531 2821 non
569 2762 739 2820 credo
784 2765 912 2820 esse
958 2760 1285 2820 trimetrum.
1352 2758 1539 2817 Verba
1562 2758 1830 2837 Archippi
1874 2759 2022 2837 apud
2066 2761 2425 2819 scholiastam

181 2843 255 2903 ad
287 2845 442 2904 illum
466 2846 777 2925 Vesparum
801 2865 1025 2906 versum
1061 2845 1146 2905 sic
1187 2843 1401 2922 scripta
1441 2843 1741 2923 leg-untur:
1790 2837 1953 2919 οἶμοι
1997 2839 2062 2901 τί
2087 2842 2250 2922 ἐστι,-
2289 2846 2429 2921 μῶν

180 2922 402 3007 ἕδωκε,·
473 2928 539 2991 τί
587 2926 650 2991 o‘
710 2926 954 3009 ἕδακενς
1039 2924 1199 2989 κατὰ
1249 2925 1363 3004 μὲν
1424 2915 1534 2986 οὖν
1594 2922 1780 3006 ἔφαγε
1838 2921 2178 3005 κάπέβρυξε
2241 2926 2333 3000 τίς
2385 2923 2427 3009 ἢ

180 3013 519 3096 πανουργία
561 3036 625 3075 τε
669 3014 770 3074 καὶ
812 3013 1200 3095 θεοςεχθρία.
1266 3011 1379 3072 Alii
1401 3013 1549 3070 haee
1568 3010 1751 3085 aliter,
1796 3010 2082 3090 complura
2107 3019 2430 3088 mutantes,

180 3095 238 3156 in
281 3100 572 3159 trimetros
613 3100 992 3181 redegerunt:
1050 3117 1283 3179 quorum
1328 3103 1566 3156 conatus
1609 3097 1940 3157 memoravit
1993 3097 2324 3157 Dindorfius
2367 3099 2424 3158 in

183 3184 642 3245 adnotationibus
695 3185 768 3244 ad
822 3183 1039 3244 scholia
1082 3205 1136 3262 p.
1184 3188 1330 3252 544.
1434 3179 1575 3240 Mihi
1617 3180 1700 3239 illi
1742 3200 1941 3242 versus
1981 3180 2203 3242 iambici
2246 3190 2428 3243 tetra-

184 3269 355 3329 metri·
385 3289 516 3330 esse
555 3269 851 3342 videntur,
897 3288 1043 3349 quos
1084 3267 1168 3327 sic
1210 3265 1587 3347 corrigendos
1629 3271 1799 3344 puto:

1184 3381 1191 3384 ’
1303 3367 1373 3427 A.
1420 3362 1605 3443 οἴμοι.
1690 3365 1760 3425 Β.
1802 3363 1868 3426 τί
1904 3361 2066 3445 zara,-

482 3457 619 3532 μῶν
640 3451 825 3516 ἕδακέ
840 3452 932 3528 τίς
951 3448 1032 3532 0²,-
1073 3456 1142 3513 A.
1157 3446 1366 3530 ἕδακες
1408 3444 1567 3511 κάτα
1586 3446 1700 3528 μὲν
1728 3438 1837 3509 οὖν
1859 3445 2044 3531 ἔφαγε
2065 3444 2428 3531 κᾶπέβρυξε.

483 3541 553 3601 Β.
606 3538 765 3620 τίςγ
815 3542 886 3601 A.
930 3533 970 3620 ἦ
1014 3534 1353 3620 πανουργία
1393 3556 1458 3596 τε
1501 3533 1605 3595 καὶ
1647 3535 1885 3594 θεοῖσιν
1927 3532 2169 3614 ἓχθρία.

179 3638 452 3701 Fortasse
505 3642 653 3703 alter
706 3643 762 3701 in
821 3641 935 3701 fine
986 3659 1188 3703 versus
1239 3645 1356 3698 tum
1410 3637 1543 3706 πῶς
1610 3633 1936 3713 quaerebat.
2046 3630 2426 3718 Θεοςεχθρία

183 3725 311 3785 mihi
366 3727 702 3788 vocabulum
757 3747 885 3787 esse
939 3726 1163 3788 videtur
1223 3723 1374 3784 omni
1428 3719 1734 3800 analogiae
1775 3737 2127 3800 repugnans.
2227 3723 2427 3801 Neque

106 3849 111 3853 -
182 3810 323 3869 enim
380 3811 436 3870 ei
492 3811 846 3872 defendendo
901 3804 1233 3883 θεόςὸοτος
1288 3804 1543 3867 adhiberi
1599 3809 1818 3882 potest,
1893 3804 2115 3864 unicum
2172 3805 2312 3866 illud
2367 3815 2429 3869 et

180 3895 322 3974 epici
364 3897 530 3957 metri
585 3897 930 3957 necessitate
970 3895 1301 3964 formatum,
1357 3890 1448 3951 eui
1489 3889 1548 3949 in
1592 3889 1838 3968 Etymol.
1879 3890 1963 3949 M.
2004 3911 2062 3971 p.
2106 3897 2265 3967 461,
2329 3901 2427 3956 16.

178 3980 561 4041 consociatum
602 3989 694 4041 est
734 3973 1057 4054 λαοσσόος,
1102 3998 1215 4038 non
1257 3983 1435 4037 recte.

341 4098 419 4158 V.
464 4104 608 4160 194.
693 4098 859 4159 Libri
912 4091 1092 4160 ποινά
1147 4091 1211 4177 γ’
1272 4102 1334 4156 et
1385 4114 1521 4153 mox
1563 4084 1806 4154 σπεύδει
1853 4086 1941 4152 δ’.
2026 4092 2327 4164 Elmsleius
2369 4100 2430 4153 et

178 4183 249 4242 ad
288 4183 347 4243 h.
392 4182 433 4242 l.
480 4189 542 4243 et
583 4183 656 4243 ad
695 4183 953 4245 Bacchas
994 4187 1293 4245 v..1ooo.·
1327 4172 1511 4240 ποινά
1549 4174 1612 4239 τ’
1660 4178 1746 4250 εἰς
1789 4172 2011 4248 οἴκους,
2055 4170 2299 4238 σπεύδει
2341 4174 2428 4238 τ’.

178 4266 252 4326 nt
272 4275 279 4280 ’
302 4259 490 4329 ποινά
528 4288 595 4329 τε
648 4268 872 4348 quidem
930 4268 1064 4348 quin
1118 4286 1315 4329 verum
1369 4264 1447 4325 sit
1490 4262 1739 4323 dubitari
1778 4281 1894 4321 non
1949 4267 2173 4341 potest:
2249 4262 2434 4322 altera

179 4359 369 4413 anun
421 4353 705 4434 particula
763 4373 932 4434 quum
984 4352 1237 4433 potuerit
1277 4349 1448 4414 etiam
1489 4345 1558 4409 δὲ
1599 4365 1759 4418 esse,
1827 4365 1946 4406 non
2002 4352 2095 4405 est
2134 4344 2269 4406 mihi
2306 4345 2433 4408 visa

34 4475 35 4490 η
152 4457 161 4466 “
177 4443 536 4499 correctione
576 4436 861 4520 indigere.
