2934 4982
1132 201 1411 255 xxxnt

155 393 433 475 essent,
521 383 666 457 nisi
726 404 860 477 per
919 385 1354 477 cognomina
1414 393 1750 457 naturam
1813 393 1888 457 et
1955 394 2392 479 potestatem

150 508 680 608 significantia?
795 508 1047 582 Testis
1112 511 1203 581 de
1266 507 1669 611 irpeysvu'ag
1730 512 2212 604 appellatione
2278 521 2402 586 est

54 618 55 621 Ἴ
152 641 351 712 idem
416 639 539 709 ille
605 636 1023 708 Herodotus
1087 635 1220 707 IV.
1291 637 1462 709 103.
1539 638 1817 731 Ταῦροι
1879 635 2021 730 μὲν
2093 632 2389 728 νόμοισι

153 760 505 837 τοιοισίδε
561 759 928 856 χρέωνται
951 785 969 803 ·
1071 755 1350 833 θύουσι
1427 758 1570 855 μὲν
1632 767 1722 857 τῇ
1789 759 2152 860 παρθένῳ
2216 760 2393 846 τοὺς

52 960 53 967 ,
156 884 531 989 ναυηγοὺς
578 884 706 960 καὶ
752 882 927 968 τοὺς
964 882 1063 959 ἂν
1101 882 1389 982 λάβωσι
1407 881 1772 983 Ἑλλήνων
1813 885 2381 982 ἑπαναχθέντας

112 1011 410 1113 ·τρόπῳ
476 1008 739 1108 τοιῷδε
756 1037 774 1056 ·
853 1006 1432 1121 καταρξάμενοι,
1514 1009 1810 1110 ῥοπάλῳ
1881 1011 2185 1089 παίουσι
2251 1013 2391 1113 τὴν

154 1135 522 1239 κεφαλήν·
609 1138 680 1211 οἳ
727 1133 868 1232 μὲν
917 1135 1011 1235 δὴ
1063 1136 1398 1240 λέγουσι,
1481 1136 1583 1221 ὥς
1644 1136 1731 1212 τὸ
1784 1146 2003 1235 σῶμα
2055 1138 2202 1215 ἀπὸ
2251 1148 2389 1216 τοῦ

157 1271 498 1363 κρημνοῦ
562 1260 966 1338 ὃιωθέουσι
1030 1260 1233 1338 κάτω
1248 1290 1266 1306 ·
1340 1262 1458 1337 ἐπὶ
1506 1262 1653 1365 γὰρ
1703 1272 2040 1362 κρημνοῦ
2087 1265 2387 1363 ἵδρυται

161 1391 252 1466 τὸ
303 1386 504 1487 ἱρόν·
566 1388 702 1485 τὴν
765 1386 847 1463 δὲ
896 1386 1228 1489 κεφαλὴν
1277 1387 1831 1487 ἀνασταυροῦσι
1850 1416 1868 1433 ·
1940 1393 2013 1463 οἳ
2063 1389 2146 1466 δὲ
2195 1390 2385 1467 κατὰ

167 1514 312 1614 μὲν
359 1512 494 1611 τὴν
539 1513 863 1613 κεφαλὴν
912 1513 1389 1618 ὁμολογέουσι
1403 1568 1430 1604 ,
1510 1513 1595 1590 τὸ
1657 1514 1911 1611 μέντοι
1978 1522 2198 1611 σῶμα
2250 1516 2390 1592 οῦκ

166 1639 549 1717 ὠθέεσθαι
613 1638 759 1716 ἀπὸ
826 1647 962 1715 τοῦ
1026 1647 1364 1738 κρημνοῦ
1413 1641 1744 1743 λέγουσι,
1828 1639 2013 1715 ἀλλὰ
2063 1648 2159 1743 γῇ
2209 1639 2406 1740 κρύ-·

162 1770 504 1843 πτεσθαι.
585 1765 723 1863 τὴν
784 1764 864 1839 δὲ
917 1763 1245 1861 δαίμονα
1293 1761 1576 1862 ταύτην
1624 1774 1714 1865 τῇ
1767 1764 2048 1842 θύουσι
2098 1765 2404 1870 λέγουσι

165 1893 381 1970 αὐτοὶ
431 1898 709 1990 Ταῦροι
734 1890 1167 1994 Ἰφιγένειαν
1207 1890 1347 1989 τὴν
1376 1892 1928 1994 Ἀγαμέμνονος
1964 1891 2175 1970 εἶναι.
2243 1895 2388 1968 Re·

164 2024 411 2115 spexit
473 2023 657 2093 haec
729 2019 1137 2094 Pausanias
1202 2020 1266 2095 l.
1332 2022 1471 2110 43,
1541 2023 1611 2094 1.
1756 2021 2114 2094 Nimirum
2185 2022 2387 2116 Aga·

164 2148 570 2221 memnonis
617 2146 799 2236 filia,
862 2148 1053 2240 quod
1104 2169 1365 2217 nomen
1417 2148 1612 2218 idem
1662 2146 2014 2235 habebat,
2081 2149 2390 2219 confusa
2479 2158 2490 2169 ’

167 2284 283 2347 est
347 2297 508 2347 enm
576 2275 709 2345 dea
775 2268 1158 2372 ἶφιγενείᾳ.
1289 2270 1585 2345 Credita
1651 2281 1763 2345 est
1825 2281 2071 2345 autem
2143 2272 2390 2345 Diana

165 2423 351 2477 esse.
482 2398 578 2471 Et
644 2422 730 2471 eo
796 2399 1224 2493 cognomine
1290 2400 1485 2470 culta
1551 2397 1793 2472 Diana
1858 2405 1972 2471 est
2034 2402 2126 2471 ab
2198 2399 2387 2471 Her·

163 2527 692 2613 mionensibus‚
777 2528 868 2597 de
930 2527 1187 2619 quibus
1250 2523 1663 2598 Pausanias
1725 2525 1832 2612 11.
1900 2525 2037 2617 35,
2125 2527 2193 2601 1.
2260 2522 2388 2600 καὶ

149 2647 574 2748 Ἀρτέμιδος
636 2646 1006 2745 ἐπίκλησιν
1040 2645 1472 2751 Ἰφιγενείας
1534 2647 1736 2723 ἐστὶν
1795 2644 2018 2747 ἱερόν.
2141 2653 2387 2726 Lucu-

164 2780 434 2851 lentum
501 2778 941 2850 confusionis
1005 2779 1511 2850 documentum
1561 2780 1909 2869 praebent
1959 2802 2145 2872 quae
2196 2779 2386 2851 idem

165 2904 352 2978 Vll.
402 2904 533 2992 26,
607 2906 677 2977 2.
724 2907 817 2976 de
867 2904 1147 2997 Aegira
1197 2907 1378 2978 urbe
1427 2904 1763 2977 Achaiae
1811 2906 2069 2976 refert:
2144 2900 2389 3000 Ἀρτέ-

164 3021 387 3125 μιδός
432 3055 508 3100 τε
549 3024 729 3111 ναὸς
766 3024 892 3101 καὶ
930 3028 1230 3128 ἄγαλμα
1271 3026 1528 3124 τέχνης
1567 3034 1696 3124 τῆς
1735 3027 1844 3126 ἐφ’
1882 3026 2135 3124 ἡμῶν·
2187 3028 2390 3127 ἱερᾶ-

165 3180 291 3227 ται
342 3149 424 3227 δὲ
473 3150 887 3248 παρθένος,
956 3153 1105 3227 ἔστ’
1166 3151 1266 3227 ἀν
1316 3156 1390 3237 ἐς
1438 3152 1647 3251 ὥραν
1712 3151 2064 3252 ἀφίκηται
2114 3151 2386 3256 γάμου.

171 3280 417 3376 ἕστηκε
467 3276 550 3354 δὲ
599 3276 727 3352 καὶ
775 3278 1072 3379 ἄγαλμα
1125 3281 1461 3354 ἐνταῦθα
1514 3277 1868 3378 ἀρχαῖον,
1905 3279 2291 3381 Ἰφιγένεια
2341 3278 2387 3375 ἦ

154 3403 761 3508 Ἀγαμέμνονος,
813 3401 914 3488 ὥς
963 3404 1033 3478 οἱ
1081 3404 1517 3507 Αἰγειρᾶταί
1568 3429 1836 3505 φασιν·
1893 3409 1954 3478 εἶ
2005 3402 2087 3479 δὲ
2141 3406 2386 3500 ἀληθῆ

168 3530 507 3633 λέγουσιν
557 3523 758 3605 οὗτοι
772 3585 798 3620 ,
851 3526 1071 3627 δῆλός
1119 3534 1320 3606 ἐστιν
1369 3535 1448 3617 ἐξ
1496 3532 1725 3629 ἀρχῆς
1752 3526 2139 3630 Ἰφιγενείᾳ
2181 3557 2391 3625 ποιη-

165 3654 332 3742 θεὶς
382 3658 425 3730 ὖ
475 3652 685 3739 ναόςψ
778 3655 1068 3733 Graeca
1107 3660 1529 3732 credulitate
1579 3679 1956 3751 perperam
2006 3656 2392 3731 ratiocina-

166 3795 305 3857 tur.
387 3784 484 3857 Et
533 3793 770 3858 statua
820 3786 945 3858 illa
998 3797 1154 3857 erat
1200 3783 1651 3878 Iphigeniae,
1705 3793 1777 3855 et
1818 3784 2161 3876 templum
2210 3786 2393 3859 anti·

168 3931 427 4003 quum:
493 3913 633 4014 sed.
671 3913 1111 4004 posteriores
1160 3911 1732 4004 Agamemnonis
1781 3911 1973 3983 filiae
2025 3934 2186 3984 esse
2238 3936 2392 3984 ere-

170 4011 545 4123 diderunt,
608 4041 817 4110 deam
883 4038 1081 4110 iliam
1145 4036 1456 4109 Dianam
1524 4040 1992 4131 appellantes·
2037 4137 2042 4142 .
2109 4034 2391 4111 Eodem

167 4164 386 4235 modo
452 4155 762 4237 confusa
827 4180 939 4237 est
1007 4163 1579 4259 Agamemnonis
1640 4165 1789 4237 iilia
1854 4187 2019 4236 cum
2083 4163 2387 4242 Hecata.

157 4285 579 4362 Pausanias
621 4292 715 4363 de
743 4290 1301 4386 Megarensibus
1349 4289 1418 4364 1.
1446 4292 1573 4379 43,
1629 4292 1696 4364 1.
1726 4285 2019 4389 λέγουσι
2068 4282 2151 4360 δὲ
2201 4283 2392 4359 εἶναι

76 4419 77 4422 ’
158 4410 292 4487 καὶ
328 4405 761 4515 Ἰφιγενείας
802 4414 1084 4513 ἡρῷον·
1140 4415 1559 4490 ἀποθανεῖν
1607 4410 1754 4514 γὰρ
1803 4410 1932 4485 καὶ
1980 4404 2261 4507 ταύτην
2310 4412 2391 4487 ἐν

1929 4553 1967 4590 ἃ
1984 4552 2022 4589 fi
