2934 4982
1473 275 1581 351 40

406 476 632 575 εὔχου
682 475 766 554 δὲ
815 470 1092 565 τοιάδ’,
1144 470 1208 551 ὦ
1256 472 1516 564 νεᾶνί,
1570 496 1688 550 σοι
1739 471 1973 558 ξένων

268 634 394 692 330
410 600 699 706 σφάγια
748 607 1092 700 παρεῖναι
1110 629 1129 647 ·
1196 600 1346 678 κᾶν
1377 584 1799 696 ’ἀναλίσκῃς
1846 599 2100 684 ξένους

311 712 338 737 ”
406 725 777 818 τοιούςδε,
827 726 965 806 τὸν
1015 727 1155 804 σὸν
1194 725 1445 813 Ἑλλὰς
1494 718 1829 802 ’ἀποτίσει
1879 719 2148 823 φόνον,

405 853 624 942 δίκας
670 834 985 933 τίνουσα
1031 862 1163 953 τῆς
1210 858 1295 932 ἐν
1342 842 1620 931 Αὐλίδι
1674 857 1989 954 σφαγῆς.
2054 894 2057 899 -
2186 878 2207 893 ·’

1219 1024 1226 1031 ’
1299 1022 1741 1159 ΧοΡοΣ.

403 1249 797 1351 θαυμάστ’
858 1252 1100 1337 ἔλεξας
1148 1247 1284 1326 τὸν
1333 1248 1640 1350 φανὲνθ
1652 1250 1704 1337 ,’
1732 1244 1920 1330 ὅςτις
1969 1244 2143 1321 ποτὲ

251 1358 256 1365 ’
382 1362 731 1478 Ἕλληνος
778 1381 861 1454 ἐκ
908 1385 1045 1481 γῆς
1092 1372 1373 1454 πόντον
1417 1372 1661 1474 ἦλθεν
1710 1374 1997 1459 ἄξενον.

572 1702 645 1762 V.
695 1709 840 1764 334.
924 1700 1257 1774 Elmsleius,
1302 1700 1637 1762 observator
1679 1696 1956 1759 sermonis
1997 1695 2494 1780 diligentissimus,
2537 1716 2661 1757 non

406 1786 534 1848 sine
571 1807 782 1847 caussa
823 1784 1076 1845 offensus
1120 1794 1211 1846 est
1251 1785 1367 1857 his,
1398 1779 1706 1864 ’Ἕλληνος
1747 1782 1815 1845 ἐκ
1847 1785 1976 1864 γῆς,
2021 1785 2124 1843 sed
2165 1802 2333 1862 quum
2375 1782 2435 1842 in
2478 1781 2664 1842 ratio·

405 1890 535 1931 neni
589 1872 696 1931 rei·
729 1870 1017 1949 inquirere
1074 1871 1436 1953 negligeret,
1510 1888 1582 1930 eo
1637 1890 1702 1928 se
1757 1869 1829 1928 ab
1870 1875 2032 1928 recta
2072 1867 2166 1931 via
2208 1866 2412 1927 abduci
2452 1886 2663 1946 passus

406 1962 527 2028 est,
569 1963 635 2015 ut
661 1948 898 2033 ’Ἕλλην
938 1953 1264 2014 femininum
1306 1955 1448 2014 solis
1503 1960 1734 2034 putaret
1783 1953 2120 2013 recentioris
2173 1952 2301 2012 aevi
2361 1950 2660 2030 scriptori·

405 2040 513 2101 bus
566 2059 695 2100 esse
747 2039 1197 2099 condonandum.
1302 2041 1382 2099 At
1400 2080 1419 2113 ,
1490 2040 1542 2099 si
1593 2039 1925 2119 quidquam,
1996 2036 2300 2097 sanissima
2338 2041 2474 2096 sunt
2513 2036 2664 2096 haec

405 2124 673 2205 Aeschyli
713 2125 921 2206 Agam.
965 2145 1019 2185 v.
1068 2132 1253 2187 1263.
1949 2154 1957 2163 ·
2400 2120 2405 2127 '

711 2209 813 2269 καὶ
853 2203 981 2289 μὴν
1021 2202 1194 2289 ἄγαν
1219 2204 1281 2289 γ’
1315 2200 1583 2287 ’Ἕλλην’
1631 2204 1963 2286 ἐπίσταμαι
2008 2197 2216 2290 φάτιν,

408 2300 471 2354 et
507 2293 795 2374 Euripidis
838 2295 898 2353 in
940 2293 1257 2354 Heraclidis
1298 2313 1355 2356 v.
1402 2301 1547 2353 131.

709 2377 812 2438 καὶ
854 2374 980 2458 μὴν
1020 2372 1246 2457 στολήν
1284 2373 1344 2459 γ’
1379 2371 1662 2455 ’Ἕλληνα
1704 2373 1804 2436 καὶ
1850 2368 2100 2457 ῥυθμὸν
2140 2369 2405 2436 πέπλων.

410 2460 632 2530 Quibus
684 2454 946 2544 profecto
1005 2482 1121 2523 non
1173 2461 1359 2546 magis
1412 2460 1627 2523 offendi
1678 2460 1974 2541 quisquam
2025 2466 2220 2542 potest
2261 2479 2428 2542 quam
2467 2458 2558 2521 liis
2599 2458 2665 2521 in

408 2548 709 2631 Iphigenia
747 2568 804 2611 v.
850 2553 951 2610 39.
993 2555 1099 2611 72.
1143 2555 1203 2608 et
1243 2548 1302 2607 in
1343 2548 1550 2608 Medea
1589 2566 1644 2609 v.
1693 2554 1877 2608 1331.

663 2677 668 2682 .
713 2625 782 2705 ὃς
823 2626 900 2693 ἂν
941 2628 1215 2714 κατέλθῃ
1256 2625 1435 2712 τήνδε
1456 2633 1591 2741 ἒγῆν
1617 2624 1843 2710 Ἕλλην
1877 2622 1992 2709 ἇνῆ
2047 2647 2067 2666 ·

689 2714 816 2780 ,καὶ
857 2708 1100 2795 βωμός,
1129 2711 1367 2797 Ἕλλην
1411 2737 1488 2777 ου
1531 2709 1891 2791 καταστάζει
1937 2738 1985 2799 φ
2026 2731 2161 2788 νος·

701 2794 953 2880 ’Ἕλλην’
1013 2799 1075 2874 ἐς
1118 2793 1285 2864 οἶκον
1324 2793 1583 2881 ἠγόμην.

416 2884 570 2953 Quid
612 2891 702 2945 est
744 2907 889 2969 ergo
931 2888 1082 2966 qnod
1129 2908 1242 2946 non
1287 2887 1421 2946 item
1466 2886 1695 2965 placere
1737 2885 2002 2947 videntur
2043 2876 2212 2956 ὅστις
2252 2877 2400 2943 ποτὲ
2424 2875 2668 2963 ’Ἕλλη-

414 2992 520 3043 νος
562 2969 629 3031 ἐκ
670 2972 782 3051 γῆς
823 2964 1045 3032 πόντον
1085 2959 1276 3049 ἦλθεν
1318 2965 1565 3043 &ignovi
1652 2971 1888 3030 Scilicet
1941 2970 2169 3028 nomina
2210 2968 2448 3051 gentilia
2492 2977 2664 3048 quun:
2742 3020 2751 3026 ,

301 3117 306 3122 ,
417 3054 648 3134 proprie
691 3056 973 3116 adiectiva
1014 3055 1158 3126 sint,
1202 3049 1441 3134 ’Ἕλλην
1494 3049 1685 3136 ἀνήρ,
1732 3049 2024 3133 Ἐλληνὶς
2066 3048 2248 3134 γυνή,
2294 3045 2519 3125 Ἑλλὰς
2559 3055 2660 3133 γῆ,

417 3138 523 3198 u'sn
568 3138 651 3197 ita
690 3138 749 3198 in
794 3135 1147 3200 substantiva
1187 3145 1521 3211 verterunt,
1574 3148 1642 3200 nt
1684 3140 1781 3200 illa
1824 3140 1896 3198 de
1941 3138 2147 3217 quibus
2192 3138 2421 3219 proprie
2466 3137 2664 3198 dicun-

416 3230 513 3283 tur
554 3223 937 3297 substantiva,
984 3218 1172 3306 ἀνήρ,
1216 3218 1414 3303 γυνῆ,’
1443 3226 1552 3304 γῆ,
1597 3233 1873 3304 tamquam
1918 3226 2323 3303 comprehensa
2352 3223 2667 3304 gentilibus

419 3307 572 3380 suiS,
642 3308 1055 3368 omitterentur.
1173 3310 1263 3367 Ex
1326 3309 1414 3367 his
1485 3310 1794 3389 gentilibus
1862 3309 2120 3369 derivata
2183 3315 2318 3368 sunt
2382 3308 2669 3369 adiectiva

421 3391 809 3477 significantia
852 3393 906 3451 id
953 3394 1103 3470 quod
1147 3393 1394 3474 pertinet
1434 3394 1507 3452 ad
1552 3413 1709 3466 eum,
1768 3394 1864 3473 qni
1909 3393 2131 3453 nomine
2174 3393 2375 3476 gentili
2418 3393 2668 3473 appella-

420 3486 545 3551 tur,
589 3485 655 3538 ut
684 3470 1059 3558 Ἑλληνικός.
1153 3478 1271 3537 Pro
1315 3479 1403 3537 his
1445 3479 1739 3538 adiectivis
1781 3486 1992 3558 poetae
2035 3477 2160 3558 ipsa
2203 3486 2481 3558 usurpant
2522 3497 2669 3558 gen·

420 3564 576 3644 tilia,
621 3563 828 3624 additis
872 3563 1093 3642 quidem
1138 3562 1537 3638 substantivis,
1580 3564 1730 3643 quod
1772 3562 1839 3621 fit
1880 3563 2006 3622 sine
2046 3564 2163 3622 nlla
2192 3561 2528 3634 offensione,
2571 3561 2672 3622 ubi

421 3668 609 3730 genus
648 3649 947 3728 utriusque
988 3649 1230 3708 nominis
1270 3649 1415 3709 idem
1460 3655 1585 3723 est,
1639 3654 1707 3707 nt
1733 3641 1972 3727 ’Ἕλλην
2015 3640 2205 3723 οἶκος,
2240 3641 2530 3726 Ἐλληνὶς
2569 3647 2672 3726 γῆ.

422 3731 714 3792 Differunt
754 3740 943 3793 tamen
989 3731 1333 3814 significatu.
1401 3733 1544 3794 Nam
1586 3751 1753 3812 quum
1797 3732 2108 3815 gentilibus
2131 3732 2469 3814 designetur
2501 3750 2670 3805 unus,

422 3835 567 3887 una,
643 3836 815 3875 unum
859 3818 936 3877 de·
973 3827 1150 3898 gente
1193 3818 1461 3897 quadam,
1530 3812 1771 3897 ’Ἕλλην
1824 3810 1990 3889 οἶκος
2043 3824 2134 3877 est
2185 3818 2384 3876 domus
2436 3816 2674 3875 natione

425 3902 682 3961 Graeca:
703 3893 1082 3979 Ἐλληνικὸς
1124 3911 1348 3974 autem,
1394 3904 1578 3981 qualis
1622 3910 1713 3963 est
1753 3904 2137 3964 Graecorum:
2194 3902 2245 3961 is
2297 3920 2437 3963 vero
2480 3905 2677 3980 potest

426 3984 601 4046 etiam
656 3981 852 4043 eoruin
914 4004 1076 4058 esse,
1144 3986 1238 4063 qni
1294 4005 1410 4045 non
1465 3995 1598 4045 sunt
1642 3988 1881 4059 Graeci,
1937 3987 2086 4047 sicut
2125 3982 2427 4046 Parthus
2470 4004 2674 4067 eques

426 4075 519 4131 est
570 4087 745 4148 eques
802 4068 1032 4128 natione
1086 4069 1335 4129 Parthus
1353 4112 1370 4141 ,
1431 4069 1806 4140 Parthicus
1861 4079 2047 4131 antem
2104 4071 2216 4131 dici
2268 4076 2461 4150 potest
2503 4070 2673 4129 etiam

427 4154 574 4217 alius
616 4153 838 4236 gentis,
882 4153 985 4211 sed
1027 4154 1224 4212 Parthi
1267 4152 1324 4213 in
1370 4156 1590 4216 modum
1635 4162 1904 4216 armatus.
1959 4148 2175 4223 ‘Quum
2203 4155 2386 4238 igit‘nr
2429 4154 2707 4236 gentilia,

427 4240 615 4322 magis
669 4258 736 4298 re
787 4257 927 4300 vera
982 4238 1192 4317 aliquid
1248 4239 1441 4318 gentis
1497 4241 1786 4301 cuiusdam
1841 4260 1999 4312 esse,
2072 4260 2237 4320 quam
2293 4259 2440 4320 quae
2482 4239 2676 4308 exiis

433 4326 680 4402 deducta
719 4329 855 4383 sunt
896 4323 1179 4384 adiectiva
1219 4321 1531 4399 declarent,
1578 4327 1841 4386 maiorem
1887 4325 1946 4384 in
1987 4327 2211 4385 modum
2253 4331 2493 4405 apparet
2533 4323 2680 4386 haec

419 4408 788 4481 differentia,
852 4427 1020 4488 quum
1071 4428 1290 4491 genere
1346 4407 1672 4490 discrepant
1722 4410 1794 4470 ab
1848 4410 2217 4473 substantivis
2271 4410 2412 4468 suis.
2508 4408 2681 4475 Quae

430 4493 827 4555 Antiatticista
875 4514 934 4574 p.
977 4500 1060 4558 97
1071 4536 1092 4568 ,
1147 4502 1208 4556 3.
1250 4492 1578 4569 adnotavit,
1618 4487 1858 4575 ’Ἕλλην
1907 4487 2056 4576 γυνή
2070 4512 2091 4533 ·
2149 4486 2450 4574 Φιλήμων
2498 4492 2680 4555 Παε-
