2934 4982
1533 260 1652 314 XX

439 479 446 507 .·
480 443 923 539 incredibilis
971 444 1098 515 illa
1146 443 1515 515 temeritas
1567 452 1781 537 atque
1835 439 2141 512 audacia
2192 445 2407 523 esset,
2459 437 2527 508 si
2566 434 2716 527 Py·-

480 565 712 659 h'des,
763 570 1007 642 statim
1050 579 1473 662 computato
1524 578 1884 662 tempore,
1936 569 2132 660 qued
2185 568 2278 635 ab
2299 580 2304 585 ·
2326 562 2720 635 Aulidensi

477 697 832 797 sacrificio
900 697 1340 784 effluxisset,
1419 698 1772 768 infantem
1835 704 2007 766 tanc
2070 695 2302 765 fuisse
2369 688 2719 762 Orestem

470 812 910 917 ⁴et'proinde
941 823 1103 894 'vix
1169 847 1215 892 a
1263 824 1457 895 facie
1507 832 1755 909 notum
1807 822 2232 914 Iphigeniae
2284 838 2448 888 esse
2498 836 2722 923 posse

408 999 414 1005 -
478 950 1039 1043 perspexisset,.
1076 970 1305 1042 eaque
1354 973 1436 1019 re
1490 952 1583 1021 ad
1629 951 1966 1021 fraudem
2014 947 2425 1018 faciendam
2471 934 2719 1012 utere‘-

478 1083 634 1165 tur3
683 1077 815 1149 sed
860 1076 1084 1146 etiam
1128 1073 1467 1147 Orestem
1519 1083 1666 1146 taur
1713 1076 2268 1159 infortunatum,
2321 1078 2468 1141 tam
2501 1070 2722 1140 'vitae

480 1179 844 1290 satiatum,
892 1209 1042 1271 fam
1086 1224 1441 1294 generose
1473 1225 1566 1272 se
1609 1201 1848 1294 potius
1891 1223 2105 1294 quam
2149 1199 2460 1271 amicum
2497 1195 2723 1266 morti

479 1327 767 1398 tradere
817 1307 1144 1418 paratum
1196 1328 1376 1399 vidit
1402 1327 1805 1420 Iphigenia,
1859 1336 1942 1398 ut
1990 1328 2133 1397 alia
2184 1326 2424 1395 omnia
2470 1321 2719 1415 potius

481 1475 695 1546 quam
712 1453 1127 1527 ‚istiusmodi
1162 1455 1501 1525 astutiam
1538 1461 1610 1524 et
1649 1454 2016 1525 fallaciam
2063 1451 2297 1544 possit
2334 1448 2715 1541 suspicari.

678 1580 917 1650 Finito
992 1579 1136 1650 hoc
1210 1588 1386 1649 actu
1420 1577 1727 1673 'jchorus
1806 1600 2099 1649 carmen
2175 1577 2407 1664 canit,
2505 1575 2719 1645 cuius

478 1726 762 1775 summa
811 1706 994 1775 bene
1045 1705 1155 1774 rei
1199 1706 1574 1774 convenitt
1647 1707 1779 1775 sed
1833 1704 1976 1775 hoc
2023 1725 2304 1796 quoque
2353 1701 2719 1772 canticum

477 1839 699 1921 poeta
760 1831 984 1900 nimia
1055 1831 1385 1900 ubertate
1462 1832 1821 1900 inutilium
1901 1833 2289 1901 verborum
2352 1828 2717 1898 iustruxit.

476 1953 942 2029 Desiderium
994 1970 1205 2027 suum
1248 1957 1529 2048 patriae
1586 1957 1955 2027 declarant
2005 1957 2149 2026 hae
2205 1956 2568 2040 mulieres,
2621 1974 2721 2025 ex

408 2118 413 2121 ·
477 2102 621 2174 qua
673 2083 865 2158 bello
918 2091 1176 2173 captae
1212 2083 1807 2173 huc-venerunt,
1874 2085 2160 2153 beatam
2214 2082 2720 2173 praedicantes

475 2208 875 2309 redituram
936 2209 1116 2279 illuc
1183 2208 1712 2302 Iphigeniam‚‘
1764 2217 2236 2301 optantesque
2301 2215 2386 2278 nt
2448 2208 2720 2277 reverti

477 2334 623 2409 sibi
672 2346 955 2427 quoque
1007 2337 1103 2407 ad
1154 2336 1287 2406 illa*
1325 2336 1494 2407 loca
1540 2338 1794 2424 liceat,
1873 2337 1948 2406 in
2015 2335 2276 2428 quibus
2341 2333 2511 2407 olim
2573 2334 2723 2402 vir-

478 2460 717 2552 gines·
754 2461 1087 2547 saltando
1152 2463 1342 2533 inter
1389 2486 1476 2535 sc
1525 2486 1616 2534 ac
1666 2463 1978 2535 vestium
2028 2463 2263 2532 nitore
2316 2480 2720 2534 comarum-

462 2608 622 2679 que
675 2595 961 2659 ornatu·
987 2590 1445 2661 certaverint.

582 2775 596 2789 .,
685 2709 978 2786 Graeca
1041 2717 1423 2808 tragoedia
1483 2739 1632 2787 non
1696 2736 1859 2799 eam
1923 2732 2037 2786 est
2098 2716 2338 2807 legem
2388 2720 2719 2805 sequuta,

482 2862 698 2933 quam
766 2841 907 2911 sibi
969 2842 1176 2913 multi
1212 2843 1720 2914 recentiorum
1745 2881 1749 2890 ·
1770 2843 2248 2934 tragicorum,
2314 2864 2459 2911 non
2508 2839 2722 2930 poesi

484 2967 781 3038 animos·-
817 2969 1141 3039 suaviter
1188 2969 1518 3057 afficere,
1551 2977 1559 2986 “
1606 2971 1738 3040 sed
1787 2965 2401 3060 exspectationem
2452 2965 2722 3036 theatri

480 3092 558 3163 in
624 3093 939 3163 exitum.
970 3115 1214 3165 rerum
1244 3096 1623 3180 ‚intentam
1689 3094 1984 3187 explere
2029 3094 2362 3164 volentes
2410 3093 2719 3184 scripse·

479 3201 684 3304 runt,
717 3265 730 3288 ι
766 3224 849 3289 ut
915 3242 1030 3289 ea’
1062 3242 1255 3312 quae
1317 3223 1711 3293 maximam
1775 3223 1924 3292 vim
1990 3222 2085 3291 ad
2150 3217 2718 3291 commovendos

481 3350 929 3435 spectatores
979 3344 1331 3417 haberent
1379 3347 1749 3418 differrent
1794 3369 2024 3440 usque
2075 3348 2171 3418 ad
2220 3347 2452 3436 ipsum
2500 3343 2720 3413 finem

482 3471 933 3563 tragoediae,
984 3474 1366 3566 subitaque
1396 3475 1778 3551 ¹solutione
1826 3476 2003 3545 nodi
2032 3474 2359 3563 abrupto
2408 3470 2531 3540 filo
2586 3490 2720 3538 au·

485 3596 759 3668 ditores
810 3600 1017 3691 quasi
1068 3600 1411 3692 attonitos
1461 3597 1974 3694 destituerent.'
2017 3599 2218 3678 ¹Hinc
2256 3587 2336 3666 in'
2374 3596 2513 3666 hac
2538 3616 2718 3688 quo-

486 3742 629 3813 que
689 3720 1055 3815 Euripidis
1108 3727 1535 3821 ,tragoediag
1625 3734 1745 3797 ut·
1783 3727 1860 3796 in
1928 3720 2290 3818 plerisque
2357 3729 2715 3808 Veterum,

489 3847 863 3926 remissior
890 3859 899 3916 ³.
927 3858 1040 3920 est
1115 3862 1357 3924 motus
1391 3880 1398 3914 ε
1434 3854 1839 3924 animorum
1887 3853 1980 3935 ,in
2030 3849 2443 3944 posteriore
2506 3855 2722 3940 purte

487 3973 823 4059 fabulae,
875 3997 1056 4068 ,qua
1106 3980 1439 4048 confecto
1492 3981 1686 4069 quod
1735 3981 2091 4049 summum
2144 3965 2298 4047 erat
2345 3993 2465 4044 res
2516 3973 2720 4043 deni·

485 4120 627 4193 que
691 4099 901 4189 plene
965 4102 1059 4172 ad
1123 4104 1399 4173 exitum
1464 4102 1934 4193 perducitur.·
2026 4103 2490 4175 Potissimum
2558 4106 2722 4166 erat

488 4225 761 4317 agnitio
825 4213 1070 4297 fratris
1139 4237 1213 4298 et
1273 4231 1551 4301 sororis
1571 4279 1593 4316 ,
1675 4252 1775 4301 ex
1839 4247 1989 4324 qua·
2047 4238 2121 4298 et
2183 4210 2382 4297 salus
2429 4220 2720 4294 Orestis

492 4359 568 4421 et
616 4359 898 4424 statuae
946 4353 1217 4425 ablatio
1268 4356 1664 4448 pendebat,
1749 4358 1864 4426 cui
1932 4352 2553 4432 coniunctissimus
2605 4358 2724 4421 est

491 4477 712 4552 ctiam
761 4478 1187 4573 Iphigeniae
1237 4482 1312 4552 in
1361 4484 1672 4574 patriam
1720 4482 2016 4553 reditus.
2091 4473 2272 4550 ZSed
2335 4483 2722 4570 postquam
