2934 4982
1227 256 1461 322 xxvi!

214 430 403 512 inter
467 438 873 533 perieulum
937 441 1304 535 hospitum
1368 454 1444 515 et
1531 444 2056 538 turpitudinem·
2113 446 2472 519 mendacii

217 569 747 660 propemodum
798 569 894 640 ad
934 590 1142 640 suam
1185 572 1521 662 perducit
1559 573 2012 644 seutentiam.
2064 571 2187 644 Ita
2226 574 2472 646 animo

220 695 299 765 iu
352 695 646 766 diversa
695 695 1042 767 distracto
1082 707 1429 788 reputans
1482 699 1922 791 impietatem
1975 699 2063 801 in⁴
2101 701 2354 789 deam,
2405 701 2480 772 si·

223 820 689 892 sinoulacrum
740 821 1184 916 eiusabripi
1237 824 1590 915 patiatur,
1671 825 2146 919 ingratasque
2208 827 2470 900 mentis

222 949 691 1041 opprobium,
767 949 835 1020 si
899 970 1149 1042 regem
1217 951 1484 1042 optime
1550 953 1642 1023 de
1708 974 1790 1024 se
1854 952 2186 1025 meritum
2237 955 2467 1042 fallat,

219 1075 576 1146 auxilium
624 1075 925 1146 deorum
975 1077 1349 1168 implorat,
1417 1076 1821 1150 Parcarum
1861 1081 2252 1151 recordata
2310 1103 2469 1153 car·

224 1220 432 1289 men,
516 1202 711 1294 quod
773 1203 1167 1274 cecinerint
1230 1201 1532 1275 Tantali
1588 1213 2043 1296 posterorum
2095 1229 2195 1278 ex
2243 1188 2474 1279 aurea

224 1327 417 1399 inter
464 1328 640 1400 deos
688 1317 875 1400 sede
919 1328 1208 1421 expulsi
1257 1350 1536 1420 poenas
1587 1332 2155 1425 praesagientes.

392 1453 715 1554 ‘Eximie
792 1455 991 1545 tinitp
1068 1463 1326 1548 quarto
1392 1464 1560 1526 actu
1626 1458 1854 1549 quinti
1936 1458 2212 1549 primae
2278 1460 2472 1530 duae

231 1603 495 1653 scenae
541 1603 799 1674 parum
847 1583 1310 1653 necessariae
1353 1583 1710 1671 videntur,
1762 1605 2064 1676 quarum
2115 1584 2190 1655 in
2238 1585 2474 1677 prima

225 1707 469 1781 Arcas
531 1710 693 1802 regi
769 1709 1064 1781 nunciat
1143 1718 1527 1801 suspectos
1592 1711 1820 1803 fugae
1891 1732 2061 1782 esse
2125 1709 2472 1803 hospites,

223 1856 362 1907 rex
428 1842 677 1906 autem
742 1835 1042 1907 insidias
1114 1836 1205 1906 iis
1268 1836 1501 1907 locari
1570 1836 1810 1926 iubet3
1869 1837 1981 1908 ‘iu
2047 1838 2281 1909 altera
2333 1860 2475 1909 rex

228 1963 438 2034 solus
519 1960 702 2033 iram
781 1984 992 2034 suam
1061 1962 1134 2033 in
1208 1962 1666 2055 Iphigeniam
1733 1964 1997 2055 prodit.
2127 1962 2479 2057 Sequitur

230 2088 497 2161 deinde
562 2086 1004 2184 colloquium
1068 2087 1504 2182 Iphigeniae
1567 2108 1732 2159 eum
1793 2111 2008 2181 rege,
2102 2088 2475 2182 egregium

225 2217 411 2288 illud
449 2213 787 2309 quidem,
854 2216 985 2286 sed
1037 2214 1178 2285 hoe
1229 2237 1464 2307 neque
1517 2238 1613 2285 ex
1662 2211 2119 2287 Graecorum
2168 2232 2476 2285 consue·

228 2321 518 2430 tudine,
572 2342 811 2434 neque
861 2342 956 2412 ad
1006 2343 1246 2434 legem
1298 2341 1476 2411 artis
1525 2341 1854 2434 poeticae
1906 2342 2215 2427 factum,
2278 2340 2474 2434 quod

231 2475 627 2564 quaerente
695 2490 870 2563 rege
920 2469 1043 2562 qui
1092 2469 1236 2539 sint
1287 2466 1614 2561 hospites
1664 2467 1803 2553 illi,
1858 2469 2225 2561 trepidans
2273 2466 2472 2562 Iphi·

230 2597 453 2688 genia
535 2596 883 2666 titubante
961 2615 1148 2665 voce
1220 2617 1385 2666 esse
1456 2617 1587 2666 eos
1604 2645 1627 2683 ,
1706 2595 1978 2683 videri,
2066 2605 2324 2688 putare
2389 2619 2473 2667 se

229 2719 565 2795 Graecos
617 2745 782 2793 esse
833 2721 1030 2792 dicit.
1149 2718 1285 2794 Est
1308 2751 1311 2762 ·
1332 2720 1520 2793 haec
1571 2723 1858 2815 quidem
1909 2720 2216 2792 imitatio
2267 2731 2473 2791 natu-

229 2869 406 2934 rae,
500 2850 631 2920 sed
700 2871 848 2919 non
916 2848 1161 2919 omnia
1228 2847 1493 2919 imitari
1560 2850 1770 2920 decet
1839 2859 2167 2950 poetam,
2257 2869 2474 2941 quem

231 2983 519 3065 oportet
541 2953 756 3068 'quae
798 2975 1146 3074 vulgaria
1198 2982 1270 3046 et
1320 2974 1619 3045 humilia
1671 2983 1874 3062 sunt,
1930 2975 2004 3043 in
2056 2974 2316 3068 quibus
2360 2982 2473 3046 est

225 3079 613 3173 haesitatio
666 3101 872 3172 vocis
926 3109 1003 3171 et
1062 3101 1437 3171 revocatio
1508 3108 1725 3194 atque
1776 3100 2157 3180 eorrectio.
2211 3101 2488 3172 decen·-

229 3228 489 3299 tiorem
541 3235 617 3298 et
665 3227 1079 3321 graviorem
1124 3228 1199 3297 in
1249 3228 1537 3298 forman
1589 3227 1947 3320 redigere.
2065 3226 2249 3299 Mox
2301 3249 2473 3298 cou-

227 3355 511 3427 firmato
562 3353 866 3426 consilio
884 3405 906 3441 ,
974 3354 1334 3424 mendacii
1387 3353 1902 3425 conscientiam
1954 3354 2224 3440 verita,
2290 3352 2473 3423 fidu·

229 3482 562 3574 eiamque
612 3481 889 3552 habens
938 3501 1205 3574 magno
1257 3480 1457 3573 regis
1510 3480 1790 3566 animo,
1842 3479 2155 3570 ingenue
2202 3478 2480 3548 fatetur

227 3608 352 3701 qui
430 3608 579 3678 sint
658 3606 1016 3699 hospitest
1120 3607 1655 3697 inclinanteque
1737 3625 1912 3694 rege
1997 3602 2092 3673 ad
2177 3603 2476 3695 dignum

229 3753 593 3827 generoso
643 3734 804 3803 viro
855 3733 1259 3819 eonsilium,
1314 3738 1637 3801 armatus
1688 3730 1899 3801 adest
1949 3724 2289 3800 Orestes}
2342 3732 2477 3803 sed

227 3861 431 3932 ferro
499 3882 799 3930 eernere
861 3868 1155 3951 paratos
1223 3856 1570 3950 gravibus
1621 3854 1915 3926 monitis
1964 3856 2227 3927 retinet
2277 3854 2478 3947 Iphi-

230 3985 487 4079 genia:
543 3986 1233 4079 advenientibusque
1282 3983 1500 4054 etiam
1552 3979 1837 4075 Pylade
1890 3990 1963 4053 et
2013 3982 2310 4054 Arcade
2361 4005 2478 4053 ar-

230 4112 482 4198 matis,
554 4113 722 4183 dum
789 4114 1164 4206 utriusque
1218 4113 1473 4202 copiae
1541 4111 1729 4182 inter
1780 4133 1862 4181 se
1912 4116 2271 4201 pugnant,
2339 4129 2477 4177 rex

230 4238 646 4331 pariterque
700 4235 1004 4311 Orestes
1057 4261 1346 4309 cessare
1397 4260 1713 4330 pugnam
1771 4236 2054 4323 iubent,
2136 4232 2479 4326 quamdiu

232 4365 459 4436 duces
530 4364 1049 4458 colloquantur.
1165 4363 1497 4458 Rogatus
1561 4364 1784 4456 igitur
1845 4359 2155 4433 Orestes
2220 4379 2313 4427 an
2383 4357 2478 4428 sit

228 4490 358 4562 ille
418 4488 611 4561 filius
674 4490 1292 4584 Agamemnonis,
1365 4489 1492 4560 ubi
1558 4488 1633 4558 id
1702 4510 1784 4558 se
1852 4483 2241 4578 pugnando
2307 4505 2475 4555 eum
