2934 4982
240 559 339 640 οὗ
387 564 511 641 καὶ
563 562 881 664 τεθάψει
931 567 1463 653 κατθανοῦσα,
1515 563 1643 638 καὶ
1692 562 1987 639 πέπλων

240 688 547 795 ἄγαλμά
601 715 715 766 σοι
769 688 1141 787 θήσουσιν
1190 684 1554 788 εὐπήνους
1603 685 1829 788 ὑφάς,
1880 720 1885 723 ·

240 819 331 903 ἃς
380 816 479 892 ἂν
527 822 870 920 γυναῖκες
919 820 1000 892 ἐν
1047 813 1289 900 τόκοις
1334 819 1826 917 ψυχοῤῥαγεῖς
2494 819 2658 877 14³⁵
2756 796 2771 801 ”

242 944 537 1018 λείπωσ’
599 946 682 1019 ἐν
736 946 980 1026 οἴκοις.
1032 939 1249 1025 τάςδε
1299 941 1352 1017 δ
1356 944 1378 969 ³
1433 940 1826 1039 ἐκπέμπειν
1867 937 2158 1036 χθονὸς
2212 900 2533 1031 heum&

229 1067 652 1166 Ἑλληνίδας
699 1074 1061 1170 γυναῖκας
1105 1065 1481 1166 ἐξεφίεμαι
1855 1139 1901 1177 v
2288 1127 2311 1171 s

241 1192 544 1299 γνώμης
592 1192 885 1278 δικαίας
936 1193 1215 1284 οὕνεκ’,
1267 1189 1659 1327 &Quod
1711 1216 1790 1267 σε
1863 1166 2006 1316 22?ss
2039 1190 2164 1273 ὄπ
2188 1191 2284 1273 5<

1292 239 1442 316 163

236 400 742 539 Βραυρωνίας
790 438 908 514 δεῖ
951 436 1162 535 τῆςδε
1210 437 1650 535 κλῃδουχεῖν
1698 440 1917 522 θεᾶς·

239 1515 635 1598 Musgravius‚
689 1516 816 1598 ipse
855 1537 1080 1597 quoque
1120 1517 1397 1599 prodigus
1439 1515 1888 1576 coniecturarum
1904 1557 1921 1587 ‚
1975 1513 2201 1574 taudem
2245 1512 2471 1590 acquie-

238 1602 325 1663 vit
367 1601 422 1660 in
467 1621 565 1672 eo,
631 1610 694 1659 ut
750 1600 1049 1679 κλίμακας
1107 1602 1178 1662 de
1233 1601 1517 1662 montibus
1570 1602 1846 1661 adscensu
1901 1598 2222 1658 difficilibus
2276 1596 2386 1656 dici
2431 1615 2471 1656 a

240 1685 631 1766 Wesselingio
679 1687 748 1744 ad
787 1687 960 1746 Diod.
1007 1686 1122 1747 Sic.
1168 1687 1332 1747 XIX.
1380 1694 1483 1748 21.
1526 1685 1829 1747 indicatum
1865 1690 2230 1743 memoraret.
2319 1680 2473 1741 Nihil

209 1771 310 1830 ‘de
349 1770 463 1829 loci
509 1778 709 1829 natura
752 1772 974 1832 rettulit
1015 1773 1369 1833 Brauroniae
1412 1770 1635 1831 Dianae
1677 1769 2019 1830 mentionem
2060 1766 2280 1828 faciens
2321 1766 2470 1825 Pau-

235 1852 430 1915 sanias
472 1856 518 1914 l.
567 1863 647 1916 33
666 1896 684 1926 ,
731 1864 787 1917 1.

409 1973 474 2033 V.
525 1978 708 2034 1432.
793 1974 921 2033 Non
975 1972 1086 2033 fuit
1138 1974 1463 2045 Seidlerus,
1517 1980 1582 2031 ut
1623 1971 1706 2031 ait
1746 1970 2057 2042 Matthiae,
2115 1969 2175 2041 in
2218 1969 2322 2041 iis,
2377 1966 2479 2047 qui

236 2055 296 2117 iu
340 2057 697 2139 κλῃδουχεῖν
737 2057 1097 2130 laborarunt,
1154 2057 1256 2118 sed
1299 2055 1571 2133 refutavit
1610 2057 1956 2116 laborantes.

406 2176 475 2235 V.
527 2181 711 2236 1434.
799 2174 927 2235 ΛΜ.
972 2168 1270 2253 θήσουσ’.

405 2292 475 2351 V.
527 2298 709 2355 1438.
796 2293 954 2353 Haec
996 2292 1055 2352 in
1099 2292 1349 2353 editione
1389 2290 1597 2351 Aldina
1638 2289 1723 2351 sic
1763 2288 1977 2369 scripta
2018 2294 2188 2348 suntz

1045 2387 1224 2466 τάςδε
1266 2388 1333 2453 δ’
1383 2389 1704 2471 ἐκπέμπειν
1738 2386 1974 2471 χθονὸς

529 2469 891 2557 Ἑλληνίδας
929 2483 1218 2559 γυναῖκας
1261 2476 1568 2560 ἐξεφίεμαι

541 2557 785 2644 γνώμης
824 2561 1064 2635 δικαίας
1106 2557 1301 2624 οὕνεκ’
1350 2553 1675 2623 ἓκσώσασά
1716 2581 1783 2621 σε

540 2647 641 2708 καὶ
687 2646 829 2728 πρίν
869 2642 928 2727 γ’
968 2643 1220 2728 Ἀρείοις
1261 2646 1326 2708 ἐν
1367 2640 1583 2726 πάγοις
1622 2640 1881 2724 ψήφους
1925 2639 2065 2716 ἴσας

543 2728 780 2813 κρίνασ’
824 2729 1110 2812 Ὀρέστα,
1155 2730 1258 2791 καὶ
1301 2725 1552 2808 νόμισμ’
1602 2730 1686 2802 εἷς
1726 2721 1915 2790 ταυτό
1957 2750 2021 2810 γε

543 2820 714 2875 νικᾶν
755 2810 1009 2897 ἰσήρεις,
1055 2807 1211 2890 ὅς’τις
1253 2809 1330 2875 ἂν
1370 2809 1628 2896 ψήφους
1668 2808 1851 2895 λάβῃ.

237 2923 388 2985 Nihil
442 2944 476 2984 e
531 2924 819 2984 codicibus
874 2925 1219 2987 diversitatis
1273 2925 1603 2986 adnotatum
1623 2981 1626 2990 ,
1645 2935 1875 3004 praeter
1916 2919 2000 2993 εἲς
2039 2910 2232 2982 ταῦτῦ
2273 2939 2350 2995 με
2392 2938 2470 2978 ex

236 3010 377 3070 Par.
421 3011 492 3068 A.
581 3009 737 3068 Haec
779 3028 946 3087 quum
988 3030 1101 3068 non
1147 3011 1520 3081 cohaereant,
1561 3010 1889 3079 Brodaeus‚
1934 3005 2023 3066 cui
2069 3023 2337 3065 assensus
2380 3010 2473 3063 est

235 3093 634 3165 Marklandus,
723 3101 857 3153 ante
912 3086 1156 3172 γνώμης
1216 3093 1458 3166 δικαίας
1523 3093 1794 3153 nonnulla
1866 3091 2148 3152 excidisse
2212 3089 2467 3168 putabat.

235 3178 588 3238 Scholiastes
630 3177 1025 3257 Aristophanis
1069 3178 1143 3236 ad
1185 3179 1335 3238 Rau.
1381 3186 1528 3241 697.
1575 3176 1747 3258 (684.
1782 3178 1873 3238 ed.
1900 3173 2178 3250 Bekkeri)
2232 3193 2307 3234 ex
2362 3173 2472 3231 boc

235 3263 366 3321 loco
423 3262 564 3322 baec
619 3262 838 3321 attulit:
928 3256 1194 3333 ἕξέσωσά
1247 3284 1313 3323 σε
1366 3262 1467 3322 καὶ
1524 3261 1667 3344 πρίν
1717 3257 1779 3343 y'
1828 3257 2082 3342 Ἀρείοις
2138 3259 2202 3321 ἐν
2252 3250 2469 3335 πάγοις

236 3340 497 3428 ψήφους
539 3343 677 3417 ἴσας
718 3342 980 3426 κρίνασ’,
1032 3341 1312 3426 Ὀρέστα.
1399 3348 1492 3419 ld,
1516 3346 1660 3426 ,etsi
1702 3347 2028 3404 adnotatum
2073 3344 2144 3402 ab
2189 3344 2469 3420 interpre-

236 3431 418 3501 tibus,
464 3450 575 3489 non
621 3430 946 3490 memoravit
986 3430 1290 3505 Matthiae,
1335 3437 1679 3491 succensens
1721 3429 2010 3499 Seidlero,
2055 3426 2468 3485 stultissimam-

236 3535 346 3595 que
400 3535 531 3574 esse
585 3514 782 3575 dicens
836 3514 1185 3589 Minervam,
1251 3516 1303 3574 si
1344 3516 1518 3586 baec,
1573 3521 1639 3575 ut
1678 3513 1774 3573 ille
1815 3512 2090 3584 voluerit,
2142 3531 2256 3569 non
2301 3510 2468 3567 'rim-

234 3600 386 3670 anti,
462 3600 564 3658 sed
609 3598 831 3670 Oresti,
905 3600 976 3659 ad
1033 3619 1193 3678 quern
1250 3599 1405 3659 nullo
1449 3599 1616 3658 modo
1658 3595 2037 3677 pertinerent,
2104 3594 2189 3654 sic
2231 3594 2464 3669 diceret,

236 3691 303 3743 ut
358 3684 561 3743 Thoas
614 3684 868 3754 audiret,
937 3683 1179 3762 ideoque
1231 3703 1377 3762 quae
1431 3684 1504 3744 ad
1561 3703 1626 3743 se
1680 3681 2031 3760 pertinerent
2069 3680 2203 3740 inale
2244 3698 2468 3739 sumere

236 3768 344 3827 sibi
400 3777 611 3847 posset.
726 3768 999 3848 cupidius
1055 3769 1195 3828 baec
1247 3786 1411 3846 quam
1470 3766 1662 3828 verius
1721 3766 1873 3826 dicta
1930 3765 2212 3827 videntur.
2323 3765 2465 3823 Nam

31 3907 34 3922 Π
235 3853 387 3912 omui
427 3853 532 3913 bac
575 3860 859 3932 postrema
902 3853 1177 3912 orationis
1232 3871 1371 3912 suae
1414 3859 1576 3932 parte
1617 3851 1875 3912 Minerva
1916 3850 2172 3909 Orestem
2217 3857 2278 3907 et
2317 3849 2469 3929 lpbi-

31 3933 34 3984 Ἰ
234 3937 459 4019 geniani
504 3936 838 4015 alloquitur,
881 3944 1183 4017 praesente
1225 3936 1446 4016 quidem
1472 3938 1769 4007 Thoante,
1814 3955 2006 4014 quem,
2050 3934 2183 4014 quia
2225 3935 2334 3994 dea
2377 3940 2468 3993 est

233 4040 381 4101 quae
432 4021 707 4100 loquitur,
783 4030 1222 4082 consentaneum
1267 4028 1385 4096 est,
1450 4021 1716 4100 quidquid
1758 4020 1856 4080 illa
1898 4019 2063 4091 dicit,
2131 4029 2196 4079 ut
2238 4020 2308 4080 ab
2355 4019 2463 4077 «liis

236 4106 554 4176 decretum,
621 4116 734 4164 non
790 4105 899 4164 soli
956 4107 1176 4177 Oresti,
1249 4108 1351 4168 sed
1409 4106 1517 4166 sibi
1560 4125 1783 4185 quoque
1827 4125 1895 4164 ac
1938 4106 2157 4164 Tauris
2201 4103 2458 4163 omnibus

233 4189 439 4249 dictum
482 4188 826 4249 existimare.
903 4191 1093 4249 ‘Multo
1136 4190 1320 4251 minus
1363 4190 1600 4251 concedi
1642 4199 1862 4271 potest,
1920 4179 2071 4269 quod
2113 4188 2268 4248 addit
2310 4189 2458 4247 Mat-

232 4273 412 4344 tbiae,
456 4266 778 4333 ἐκσώσασά
820 4295 887 4333 σε
930 4283 989 4333 et
1028 4295 1174 4353 quae
1205 4283 1531 4355 sequuntur
1569 4277 1643 4334 ad
1684 4277 1864 4335 solum
1898 4276 2457 4351 Orestem‘spectare

234 4379 341 4419 nec
379 4358 499 4418 ullo
540 4357 767 4419 vinculo
811 4359 1121 4419 cohaerere
1173 4380 1298 4420 cum
1343 4360 1838 4439 praecedentibus:
1914 4378 2088 4437 quare
2129 4365 2261 4438 post
2301 4350 2456 4437 γνώ-

230 4465 352 4522 μης
406 4440 647 4515 δικαίας
710 4443 919 4524 aliquid
973 4445 1255 4506 excidisse
1308 4445 1645 4526 suspicatur.
1761 4445 2008 4504 Prorsus
2068 4443 2215 4504 enim
2269 4443 2462 4503 aliena

1854 4545 2007 4619 11*
