2934 4982
1183 264 1200 283 ι
1301 223 1402 300 93

226 419 422 500 κάτα
472 421 558 500 δὲ
608 417 855 523 δάκρυ
907 419 1203 519 &dano-u
1216 477 1244 512 ,
1307 418 1503 497 κάτα
1555 422 1638 498 δὲ
1686 418 1864 528 γόος
1912 422 2071 522 ἅμα
2115 431 2321 525 χαρᾷ
2412 394 2419 407 ⁸
2489 443 2615 500 820

226 548 314 625 τὸ
368 549 506 628 σὸν
554 549 825 641 νοτίζει
873 546 1298 648 βλέφαρον,
1353 546 1703 635 ὥςαύτως
1753 549 1828 626 δ’
1889 545 2093 643 ἐμόν.

952 736 1638 843 ιΦΙΓΕΝΕΙΑ.

424 935 589 1014 τότε
642 961 723 1014 σε
736 994 762 1028 ,
815 932 971 1012 τότ’
1023 936 1137 1044 ,ἔτι
1187 935 1472 1034 βρέφος
1521 939 1773 1014 ἔλιπον
1823 933 2182 1041 ἀγκάλαι-

424 1088 499 1141 σι
548 1063 822 1163 νεαρὸν
872 1068 1199 1161 τροφοῦ,
1266 1061 1541 1161 νεαρὸν
1589 1069 1673 1140 ἐν
1721 1061 2007 1161 δόμοις,

220 1187 283 1268 ὦ
334 1190 702 1292 κρείσσον’
759 1189 809 1288 ἢ
860 1187 1192 1292 λόγοισιν
1240 1186 1580 1287 εὐτυχῶν
1625 1187 1888 1288 τύχαν.

417 1315 494 1393 τί
544 1325 710 1418 φῶ,·
759 1316 1185 1416 θαυμάτων
2448 1344 2604 1405 ευ

287 1495 330 1525 .·
411 1444 606 1546 ’πέρα
654 1445 783 1520 καὶ
832 1443 1058 1550 λόγου
1109 1442 1368 1547 πρόσω
1416 1441 1589 1521 τάδ’
1648 1441 1901 1544 ἐπέβα.

133 1826 140 1829 ,
355 1768 455 1828 V.
501 1776 644 1831 820.
728 1769 857 1828 ΑΜ.
901 1765 1061 1830 κατὰ
1104 1766 1171 1831 δὲ
1214 1761 1474 1852 δάκρυα,
1531 1761 1789 1872 δάκρυα,
1834 1762 1993 1829 κατὰ
2033 1763 2102 1828 δε
2141 1761 2285 1850 γόος
2325 1764 2475 1850 ἅμα

209 1853 403 1939 χαρᾶ.
485 1853 624 1913 Par.
677 1854 748 1912 A.
790 1855 861 1914 Β.
905 1854 1060 1915 Flor.
1129 1865 1184 1916 1.
1231 1863 1291 1917 2.
1346 1856 1587 1915 alterum
1641 1847 1880 1934 δάκρυα
1933 1853 2228 1927 οιιιί11ιιιι1,
2298 1863 2359 1917 et
2399 1856 2459 1916 in

216 1938 353 1998 Por.
377 1939 448 1998 A.
473 1939 543 1998 Β.
570 1938 721 2017 quod
747 1939 975 2011 habeut,
1004 1932 1239 2044 δάκρυ,
1282 1941 1553 2020 scriptum
1578 1946 1668 1997 est
1690 1958 1813 1997 cum
1844 1940 2191 2019 apostropbo
2218 1933 2454 2024 δάκρυ’.

215 2023 355 2083 Inde
396 2023 763 2105 Musgrovius
806 2016 1023 2105 δάκρυ’
1073 2017 1377 2106 ἆόάκρυα.
1481 2023 1832 2082 Trimetrum
1876 2043 2004 2082 esse
2045 2023 2194 2084 huuc
2234 2045 2458 2086 versum

212 2116 371 2168 recte
423 2108 641 2167 monuit
682 2108 1005 2167 Seidlerus.
1080 2108 1181 2168 sed
1238 2129 1374 2167 non
1397 2115 1588 2188 potest
1629 2107 1725 2166 ille
1768 2107 2098 2187 bisyliabsm
2151 2111 2456 2170 snucrusin

211 2193 438 2253 habere.
525 2193 719 2259 Quare
762 2188 957 2273 δάκρυ
1000 2186 1241 2274 ἅδακρυ
1284 2193 1504 2273 scripsi.

380 2310 449 2369 V.
496 2317 639 2372 822.
736 2310 864 2370 Ald.
907 2304 979 2370 τό
1024 2306 1096 2370 δέ
1143 2331 1201 2371 τι
1253 2306 1490 2392 βρέφος
1543 2305 1751 2370 ἔλιπον
1803 2301 2116 2388 ἅγκαλαις.
2213 2311 2455 2376 Barnea.

210 2388 343 2455 τόδ’
392 2390 499 2455 ἔτι.
585 2396 802 2455 Deerat
822 2415 1195 2500 pronomen,
1249 2415 1432 2499 neque
1474 2395 1704 2476 integer
1746 2402 1872 2453 erut
1915 2395 2231 2456 dochmius.
2276 2417 2454 2478 quure

209 2479 410 2561 scripsi
451 2472 589 2541 τότε
631 2500 727 2555 σε,
770 2473 902 2542 τότ’
952 2475 1060 2542 ἔτι.
1137 2473 1487 2561 Ἀγκάλαισι
1530 2480 1716 2541 Paris.
1758 2480 1830 2539 A.
1875 2480 1941 2539 Β.
1988 2479 2135 2542 vict.

378 2598 855 2660 V.824.A1d.

511 2686 563 2759 ὦ
603 2706 908 2805 κρεῖσσον,
936 2694 992 2801 ι,ἢ
1037 2693 1304 2782 λόγοισιν
1345 2694 1618 2778 εὐτυχῶν
1660 2696 1836 2777 ἐμοῦ.

510 2780 718 2861 ψυχὰ,
763 2783 827 2844 τί
866 2788 1004 2868 φῶς

205 2884 343 2943 Psr.
388 2883 455 2943 C.
505 2884 648 2943 Vict.
683 2888 904 2984 ψυχᾷ.
1012 2886 1312 2945 Elmsleius
1366 2886 1441 2945 ud
1495 2884 1648 2945 Med.
1705 2891 1850 2945 823.
1904 2889 2022 2943 not.
2079 2896 2126 2944 t.
2181 2881 2451 2966 εὐτυχῶν

205 2964 385 3067 ψυχὰ
427 2969 700 3050 coniungi
746 2989 914 3073 posse
958 2971 1211 3048 putabat.
1298 2970 1450 3029 ldem
1495 2990 1635 3030 vero
1679 2969 1737 3028 in
1773 2969 2144 3030 adnotatione
2174 2972 2258 3032 ud
2302 2973 2450 3052 lphi-

202 3053 429 3151 genium
467 3051 737 3132 εὐτυχῶν
778 3049 957 3132 τύχαι
1000 3055 1302 3157 legendum
1347 3054 1705 3125 coniiciebst,
1751 3061 1815 3113 ut
1848 3049 2119 3134 εὐτυχῶν
2160 3077 2272 3115 ιιοιι
2320 3079 2450 3138 pur-

204 3137 487 3217 ticipium‚
542 3139 643 3197 sed
686 3140 976 3242 genitivus
1020 3140 1091 3198 ub
1147 3134 1413 3215 εὐτυχεῖς
1456 3148 1630 3198 esset.
1729 3138 1818 3198 Ad
1863 3140 2118 3200 Bocchus
2163 3150 2350 3201 eutem
2395 3163 2450 3203 v.

207 3229 392 3283 1181.
434 3223 664 3302 scripsit
705 3219 972 3301 εὐτυχῶν
1012 3215 1190 3301 τύχα.
1269 3218 1459 3298 Ἔμοῦ
1516 3244 1629 3283 non
1682 3221 1975 3282 ferendum
2018 3246 2147 3284 esse
2192 3235 2445 3305 opertum

202 3314 320 3378 est,
392 3308 523 3385 quio
576 3327 699 3367 cum
755 3302 986 3386 λόγοισι
1030 3307 1418 3379 coniunctum,
1487 3328 1598 3387 quo
1652 3308 1777 3366 solo
1822 3327 1946 3366 cum
1989 3311 2266 3369 vocabulo
2311 3331 2447 3369 con-

199 3390 363 3472 iungi
409 3398 616 3470 potest,
662 3411 769 3450 nec
810 3400 967 3451 recte
1009 3400 1071 3451 et
1111 3392 1381 3474 languide
1425 3392 1632 3450 dictum
1677 3399 1858 3451 esset:
1916 3392 2330 3496 disputavitque
2374 3396 2446 3455 de

201 3494 275 3534 eo
316 3475 609 3535 Matthiae.
696 3477 872 3536 Uncis
914 3477 1266 3536 incluserunt
1310 3475 1617 3546 Diodorfii,
1675 3484 1905 3553 recepto
1950 3477 2200 3535 Eimsieii
2242 3472 2443 3555 τύχαι.

200 3559 405 3618 Mirum
458 3580 595 3621 vero
653 3579 765 3619 non
820 3562 1030 3623 vidisse
1084 3563 1314 3622 criticos
1368 3561 1723 3620 scribendum
1780 3579 1909 3619 esse
1951 3549 2000 3619 ὦ
2043 3558 2353 3641 κρείσσον’
2403 3557 2441 3641 ἢ

200 3637 483 3743 λόγοισιν
524 3639 790 3723 εὐτυχῶν
842 3640 1064 3725 τύχαν,
1151 3646 1411 3726 quodque
1482 3645 1759 3703 adiectum
1823 3645 2037 3726 legitur
2100 3644 2251 3723 ἐμοῦ
2309 3631 2444 3707 nibil

201 3748 331 3787 esse
376 3727 485 3787 uisi
530 3729 948 3789 adnotationem
992 3730 1351 3810 interpretis,
1398 3749 1511 3807 qua
1545 3728 1929 3807 explicaretur
1971 3731 2120 3810 quod
2165 3732 2258 3790 ille
2300 3731 2443 3792 scri-

158 3824 174 3836 “
200 3820 355 3893 ptum
398 3813 615 3873 invenit
654 3808 852 3892 ψυχά.
952 3816 1237 3875 Cohaeret
1279 3822 1463 3874 autem
1508 3813 1599 3873 hic
1643 3834 1840 3874 versus
1885 3834 2006 3873 cum
2052 3816 2442 3896 praecedenti-

201 3896 336 3968 bus,
407 3906 673 3977 recteque
735 3898 791 3956 iu
857 3899 1062 3957 Aldina
1117 3900 1300 3958 minor
1356 3899 1737 3979 interpunctio
1802 3901 1988 3980 posita
2041 3908 2132 3958 est
2187 3908 2317 3980 post
2378 3899 2444 3964 ἓν

201 3974 446 4058 δόμοις,
494 4002 637 4054 ιιοιι,
680 3990 746 4040 ut
787 3983 1100 4041 editoribus
1145 3991 1345 4063 posteo
1398 3984 1642 4064 placuit,
1698 3984 1884 4064 plena.
1983 3983 2440 4065 Antistropbico-

198 4085 322 4128 rum
378 4086 615 4126 suorum·
660 4087 865 4127 caussa
914 4068 1061 4127 bunc
1103 4069 1411 4127 trimetrum
1454 4068 1747 4128 Seidlerus
1789 4078 1988 4128 contro
2031 4069 2206 4128 libros
2250 4071 2439 4130 Oresti

199 4150 416 4212 tribuit.
979 4171 986 4186 ¹

369 4269 439 4329 V.
484 4277 630 4333 826.
715 4268 879 4329 Libri
934 4265 1146 4345 ἐπίβα.
1243 4268 1515 4329 Reiskius
1569 4264 1800 4348 ἀπέβα,
1879 4273 2031 4350 quod
2086 4272 2439 4332 recentiores

197 4363 552 4434 receperunt.
644 4355 768 4414 Non
813 4354 1042 4413 multum
1087 4372 1157 4411 co
1202 4351 1425 4412 confert
1469 4353 1604 4413 iuud
1650 4354 1705 4413 in
1751 4353 1864 4413 fine
1890 4356 2107 4435 aliquot
2152 4357 2437 4437 Euripidis

198 4440 654 4522 trngocdiurum,
706 4432 938 4501 τοιόνδ’
986 4433 1185 4515 ἀπέβη
1228 4430 1368 4497 τόδε
1411 4440 1687 4520 πρᾶγμα.
1784 4439 1924 4498 Num
1969 4441 2025 4499 id
2069 4442 2141 4499 de
2185 4461 2255 4498 eo
2299 4441 2437 4501 dici-
