2934 4982
1295 286 1400 362 49

428 477 824 566 δεσποίνας
865 482 1032 582 χερὶ
1080 478 1318 560 θάνοι
1772 462 1779 468 ’
2485 510 2615 567 430

424 605 687 692 ποινὰς
738 606 951 684 δοῦσ’
1014 606 1486 695 ἀντιπάλους.

421 732 665 832 ἥδιστ’
740 731 842 812 ἂν
893 733 968 810 δ’
1027 733 1385 838 ἀγγελίαν

424 858 847 959 δεξαίμεθ’,
890 858 1236 947 Ἑλλάδος
1285 865 1367 938 ἐκ
1412 869 1557 966 γᾶς

419 984 828 1087 πλωτήρων
876 992 947 1063 εἴ
989 1018 1101 1074 τις
1150 991 1318 1088 ἔβα,

418 1112 756 1199 δουλείας
802 1114 1075 1212 ἐμέθεν
1421 1212 1429 1227 .
2483 1141 2610 1200 435

419 1238 745 1325 δειλαίας
793 1240 1283 1327 παυσίπονος·

416 1364 739 1468 xafflp
794 1365 1105 1467 ὃνείροις
1151 1365 1503 1468 ἐπιβαίην
1577 1392 1653 1430 4
1641 1346 1777 1472 Ῑρει
1772 1394 1847 1441 „u
1860 1390 2222 1489 amq-‘ct
2276 1350 2617 1497 [efisae
2651 1398 2746 1445 ,ψ

417 1488 677 1589 δόμοις
726 1489 927 1567 πόλει
977 1523 1055 1568 τε
1106 1491 1481 1608 πατρῳα,
1551 1494 1655 1545 ⁶³
1680 1494 1805 1551 2⁴⁸⁴
1784 1446 1879 1526 f}-
1906 1496 1935 1527 ὰ
2002 1468 2085 1537 s⁷⁴
2096 1476 2179 1530 Μ
2196 1508 2273 1538 '²¹‘
2318 1505 2369 1536 ‘²¹
2402 1502 2605 1597 J*
2600 1492 2773 1635 ffzs’

412 1626 756 1715 τερπνῶν
801 1617 1066 1696 ὕπνων
1117 1617 1522 1697 ἀπολαύειν

209 1873 416 1935 initiat.
506 1875 838 1955 Comparari
878 1882 1072 1956 potest
1111 1896 1168 1939 v.
1212 1883 1357 1940 610.
1401 1870 1562 1937 ἀλλὰ
1605 1873 1830 1981 χαίτην
1870 1871 2057 1982 αμφὶ
2089 1872 2203 1956 σὴν
2248 1876 2452 1962 χερνί-

206 1972 453 2038 ψομαι,
496 1966 557 2019 ει
595 1981 651 2020 v.
698 1967 841 2021 633.
885 1957 994 2021 τὸν
1026 1958 1328 2066 χερνίβων
1370 1955 1570 2042 ρανίσι
1609 1955 1946 2040 μελόμενον
1991 1959 2341 2038 αἱμακταῖς.

374 2043 446 2103 V.
489 2051 636 2107 430.
723 2046 975 2126 Reposui
1017 2040 1233 2119 θάνοι,
1301 2047 1451 2126 quod
1494 2046 1729 2127 linguae
1771 2047 1958 2151 legem
1997 2047 2289 2126 postulare
2330 2069 2448 2107 mo-

210 2128 335 2191 nuit
359 2128 717 2201 Seidlerus,
785 2131 877 2191 cui
930 2139 1118 2191 tamen
1172 2131 1441 2191 librorum
1483 2131 1766 2210 scriptura
1805 2125 1972 2215 θάνῃ
2014 2130 2250 2191 ferenda
2290 2131 2446 2192 vide·
2459 2106 2547 2191 k‘t
2562 2142 2664 2219 bl

208 2212 405 2286 batur,
449 2214 501 2273 si
544 2214 746 2293 cupido
790 2214 945 2275 ebori
986 2215 1173 2275 animo
1216 2235 1334 2275 rem
1379 2215 1462 2275 ita
1485 2221 1844 2295 praesentem
1844 2200 2178 2358 obvi-§sari
2216 2223 2445 2296 putare-

203 2319 353 2371 mus,
409 2304 687 2377 tamquam
729 2299 780 2359 si
819 2320 956 2361 vere
996 2300 1179 2360 fieret.

370 2382 441 2442 V.
499 2390 643 2444 431.
738 2385 869 2443 Νοιι
934 2392 1089 2445 recte
1144 2384 1435 2445 Seidlerus
1508 2383 1564 2443 in
1628 2358 1995 2473 αντιπάλους
2056 2385 2442 2444 tantummodo

202 2462 334 2530 ἀντὶ
381 2468 743 2548 premendum
788 2470 1027 2530 censuit.
1113 2470 1254 2531 Nam
1259 2464 1667 2574 ptimo-og
1675 2489 1707 2529 e
1835 2490 2085 2550 parem
2131 2468 2439 2551 significat.

368 2552 438 2613 V.
499 2558 643 2614 432.
751 2553 914 2614 Libri
981 2548 1185 2634 ἥδιστ’
1253 2577 1329 2615 αν
1393 2547 1569 2634 τήνδ’
1631 2549 1670 2614 ἀ
1811 2577 1928 2614 ιαν.
2027 2554 2187 2615 Eieci
2240 2555 2441 2628 inutile

197 2630 383 2743 τήνδ’
388 2680 409 2712 ,
478 2644 665 2697 ortum
707 2658 782 2698 ex
827 2659 930 2711 eo,
1005 2640 1155 2718 quod
1208 2640 1481 2700 mendosa
1532 2639 1656 2701 visa
1698 2647 1825 2699 erat
1864 2640 2119 2721 genuina
2159 2640 2441 2721 scriptura

197 2716 405 2803 ἥδιστ’
444 2744 522 2782 αν
558 2718 645 2783 δ’.
729 2723 941 2783 Rarior
982 2725 1204 2803 quidem
1260 2725 1401 2784 baec
1456 2726 1694 2828 copulae
1748 2724 2080 2799 collocatio,
2165 2725 2267 2784 sed
2321 2746 2437 2785 non

194 2806 344 2867 falsa
384 2814 593 2867 tamen.
678 2808 1047 2887 Thucydides
1088 2810 1161 2869 ll.
1206 2818 1306 2872 63.
1348 2799 1590 2887 τάχιστ’
1633 2830 1710 2868 αν
1750 2829 1816 2869 τε
1854 2801 2033 2870 πόλιν
2066 2805 2126 2869 οἶ
2169 2811 2439 2871 τοιοῦτοι

194 2885 440 2996 ετίρους
481 2912 546 2953 τε
567 2889 875 2965 πείσαντες
902 2889 1294 2968 ἀπολέσειαν,
1337 2892 1442 2954 καὶ
1484 2889 1548 2954 ει’
1560 2913 1681 2953 που
1722 2889 1820 2954 ἐπὶ
1865 2895 2044 2975 σφῶν
2082 2888 2288 2953 αὐτῶν
2319 2889 2439 2954 αὖ-

190 2970 446 3055 τόνομοι
480 2969 800 3055 οἰκήσειαν.

361 3062 434 3120 V.
479 3068 623 3123 433.
709 3056 1057 3139 Δεξαίμεθ’
1098 3082 1175 3121 ex
1205 3062 1341 3121 For.
1381 3068 1439 3122 1.
1475 3068 1532 3122 2.
1581 3021 1812 3142 scripsi,
1857 3063 2005 3141 quod
2041 3082 2145 3141 pro
2191 3061 2437 3125 Aldinae

195 3140 555 3232 δεξαίμεσθ’
604 3144 773 3205 etiam
817 3147 942 3206 sine
994 3146 1152 3205 libris
1196 3145 1396 3225 reponi
1438 3146 1648 3206 debuit.
1744 3148 2126 3229 Agnoscimus
2159 3147 2251 3206 bic
2293 3168 2433 3227 quo·

194 3250 303 3309 que
336 3219 538 3289 malam
579 3229 821 3309 imperiti
868 3231 1085 3290 metrici
1129 3250 1369 3289 manum.

363 3315 432 3374 V.
476 3320 621 3375 437.
718 3315 879 3374 Libri
930 3314 1030 3374 καὶ
1073 3336 1189 3396 γαρ
1246 3310 1513 3395 ὀνείρασι
1563 3311 1894 3395 συμβαίην.
1992 3316 2232 3376 Frustra
2270 3315 2429 3375 labo-

194 3405 394 3458 rarunt
449 3397 788 3479 interpretes
833 3399 891 3458 in
950 3399 1320 3504 explicandis
1355 3399 1540 3461 verbis
1585 3418 1691 3459 nec
1739 3401 2060 3459 sententiae
2105 3420 2214 3459 nec
2246 3406 2427 3459 metro

194 3483 359 3563 aptis.
447 3483 693 3586 Scripsit
725 3483 1059 3563 Euripides.
1104 3482 1205 3543 καὶ
1247 3478 1365 3565 γὰρ
1404 3479 1657 3564 ὀνείροις
1688 3481 1973 3560 ἐπιβαίην
2004 3476 2220 3560 δόμοις
2259 3476 2429 3543 πόλει

191 3586 254 3627 τε
305 3560 609 3651 πατρῴας
695 3573 955 3628 utinam
1022 3571 1143 3628 vel
1180 3589 1310 3646 per
1372 3565 1700 3628 somnium
1754 3569 1991 3641 pedem
2043 3585 2292 3641 ponam
2348 3571 2429 3629 in

193 3653 376 3711 dono
423 3672 571 3711 mea
616 3662 685 3712 et
716 3657 988 3727 patria
1001 3653 1186 3713 urbe.

358 3735 429 3798 V.
473 3741 617 3797 438.
703 3737 917 3835 Recepi
961 3756 1036 3796 ex
1075 3738 1232 3797 Par.
1251 3737 1323 3796 A.
1366 3734 1521 3793 Flor.
1578 3740 1636 3792 1.
1683 3740 1743 3794 2.
1787 3725 2000 3811 δόμοις
2041 3754 2144 3814 pro
2186 3734 2426 3822 Aldinae

190 3812 397 3893 οικοις.
493 3819 686 3901 Magis
740 3821 886 3881 enim
930 3821 1163 3902 syllabis
1204 3820 1445 3901 singulis
1488 3816 1840 3897 respondens
1881 3818 2165 3898 scriptura
2206 3811 2427 3881 metrici

187 3923 407 3964 unum
449 3904 656 3984 prodit.
2482 3974 2490 3988 ἢ
2522 3974 2545 3988 Α
2652 3961 2677 3986 V

351 3989 426 4048 V.
485 3996 629 4050 439.
714 3988 903 4049 Libri.
968 3991 1240 4071 τερπνῶν
1293 3982 1503 4065 υμνων
1554 3978 1914 4061 ἄπολαυειν,
1995 3981 2206 4048 κοινὰν
2242 3981 2426 4069 χάριν
2480 3985 2707 4052 lime„

186 4061 374 4155 ὄλβῳ.
461 4073 690 4152 lnepta
715 4081 807 4133 est
859 4073 999 4134 baec
1052 4074 1354 4135 sententia.
1439 4073 1682 4132 Poterat
1724 4078 1923 4151 optare
1967 4074 2200 4144 chorus,
2257 4079 2323 4131 ut
2364 4072 2422 4131 in

185 4133 398 4216 mnis
448 4157 737 4218 videretur
790 4158 847 4218 in
907 4160 1270 4238 patriagesse
1327 4164 1386 4217 et
1440 4175 1646 4216 canere
1690 4157 1937 4217 carmina
1979 4177 2101 4217 cum
2144 4156 2421 4227 felicibus,

186 4240 286 4300 aad
315 4241 382 4302 ἱί
423 4248 590 4341 optat
629 4242 810 4303 videri
853 4242 909 4301 in
954 4233 1168 4399 pat?
1182 4261 1329 4313 esse,
1372 4248 1440 4300 ut
1482 4249 1653 4301 canat
1692 4242 1948 4319 hymnos,
1992 4248 2085 4300 est
2125 4241 2181 4299 id
2224 4241 2421 4298 absur-

183 4322 342 4397 dum,
385 4325 523 4404 qnia
563 4343 677 4385 non
722 4325 1005 4406 sequitur,
1201 4326 1296 4405 qui
1338 4345 1402 4385 se
1444 4325 1503 4384 in
1546 4319 1735 4406 patria
1775 4341 1903 4388 esse
1945 4324 2215 4393 somniet,
2256 4339 2418 4381 ·-som

179 4407 304 4468 det
355 4409 528 4470 etiam
587 4431 652 4470 se
713 4431 938 4472 canere.
1049 4412 1242 4516 Magis
1295 4417 1481 4471 autem
1536 4410 1782 4470 absurda
1836 4416 1924 4468 est
1981 4406 2265 4467 sententia
2317 4426 2422 4485 per

179 4491 414 4553 verbm
467 4513 581 4573 quo
625 4488 830 4569 utitur,
899 4490 1262 4571 ἀπολαύειν,
1316 4494 1479 4575 quasi
1519 4494 1615 4572 qui
1667 4513 1733 4552 se
1771 4494 1828 4550 in
1871 4492 2058 4571 patria
2100 4493 2228 4551 esse
2270 4511 2418 4550 som-

259 4593 729 4657 Emuftnls
762 4595 921 4675 Jple.
950 4598 1157 4658 Taur.
1963 4576 2015 4648 4
