2934 4982
1255 290 1405 343 xlx

206 496 383 570 pens
434 496 517 545 re
571 471 978 544 incredibili
1025 483 1224 545 retro
1269 474 1459 550 cedit
1476 523 1498 561 ,
1550 474 1923 562 dubitans,
1973 462 2280 562 mirans,
2331 490 2446 546 re-

208 604 506 698 quirens
578 603 1055 672 documenta:
1155 622 1342 695 quae
1405 601 1531 672 ille
1595 618 1818 694 quum
1875 600 2165 672 minime
2228 601 2449 673 dubia

208 727 687 813 memoravit,
740 716 892 798 tum
945 748 1122 797 vero
1175 726 1631 818 amplectitur
1676 728 1873 819 ipsa,
1944 727 2449 821 ingentemque.

209 857 290 930 in
338 854 690 926 laetitiam
741 852 974 924 effusa
1023 853 1243 924 modo
1293 853 1738 946 insperatum
1798 853 2178 946 gandium,
2230 857 2449 927 modo

206 978 515 1075 pristina
578 1001 716 1052 sua
780 970 1008 1066 mala,
1088 979 1309 1051 modo
1360 980 1760 1072 periculum
1814 1002 1911 1051 ex
1963 1003 2106 1073 quo
2158 989 2450 1055 servata

206 1115 324 1179 est
371 1106 735 1181 mactandi
785 1104 1138 1176 carissimi
1185 1106 1431 1177 fratris
1448 1156 1473 1193 ,
1544 1106 1867 1177 sedati-us
1919 1104 2449 1201 interloquente

208 1237 478 1322 fratre,
531 1231 1006 1325 persequitur.
1109 1229 1456 1302 Monente
1521 1232 1811 1303 tandem
1874 1229 2196 1325 Pylade,
2270 1240 2448 1306 tem-

212 1383 357 1453 pus
409 1382 569 1430 esse
620 1358 984 1430 abstinere
1034 1358 1128 1428 ab
1180 1357 1506 1428 laetitiae
1555 1365 1631 1428 et
1691 1359 1961 1430 amoris
2011 1359 2449 1431 testificatio·

170 1571 177 1577 ⁶
220 1487 472 1571 nibus,
548 1506 946 1577 curareque
997 1490 1081 1553 ut
1127 1483 1316 1554 salvi
1368 1505 1410 1552 e
1477 1483 1807 1554 barbaris
1873 1485 2226 1572 evadant,
2302 1508 2449 1556 non
2543 1540 2554 1545 -

222 1618 390 1684 ante
437 1635 519 1682 se
569 1612 1128 1704 obsequaturam
1181 1609 1356 1681 dicit
1377 1607 1823 1703 Iphigenia,
1875 1631 2094 1703 quam
2142 1611 2236 1681 de
2282 1609 2450 1683 Ele-

216 1746 377 1811 ctra
438 1738 884 1830 caeterisque
949 1737 1077 1830 qui
1139 1736 1281 1809 sibi
1345 1737 1503 1808 cari
1564 1737 1711 1808 sint
1771 1738 1968 1808 faeta
2020 1737 2116 1807 sit
2164 1739 2449 1809 certior.

212 1864 309 1938 Id
371 1864 587 1938 sicuti
663 1871 969 1934 naturae
1036 1863 1256 1934 animi
1319 1862 1616 1935 humani
1666 1870 2267 1951 consentaneum,
2345 1864 2454 1935 ita

214 1992 315 2063 ad
362 1991 716 2084 reliquam
764 1996 1046 2082 partem
1093 1990 1392 2060 fabulae
1441 1989 1931 2061 necessarium
1985 1997 2118 2061 est.
2237 1987 2453 2061 Post·

216 2139 436 2211 quam
478 2115 670 2187 enim
701 2112 1005 2191 Orestes
1055 2117 1149 2186 de
1199 2137 1305 2203 se,
1359 2115 1656 2208 suisque
1702 2115 2101 2200 laboribus,
2156 2124 2232 2186 et
2278 2139 2451 2209 quo-

210 2244 439 2343 modo
484 2264 768 2335 quaque
819 2240 1082 2313 caussa
1144 2240 1514 2334 Apollinis
1563 2240 1769 2311 iussu
1818 2238 1938 2310 hic
1990 2239 2181 2311 adsit
2230 2261 2454 2333 expo-

214 2370 404 2456 suit,
482 2369 867 2461 Iphigenia
916 2375 992 2438 et
1041 2369 1227 2438 deae
1276 2367 1462 2437 iram
1498 2352 1781 2453 ⁴verita,
1846 2365 1914 2439 si
1962 2364 2245 2459 signum
2297 2367 2456 2440 eius

213 2498 504 2589 prodat,
555 2503 628 2566 et
676 2495 821 2567 sibi
866 2502 1175 2567 mortem
1227 2516 1274 2563 a
1302 2491 1647 2565 Thoante
1697 2500 2050 2581 metuens,
2101 2494 2457 2570 rationem

214 2623 539 2717 quaerit,
618 2642 763 2715 qua
829 2618 1134 2693 Orestes
1197 2621 1428 2712 ipsam
1495 2619 1713 2691 simul
1762 2642 1926 2691 cum
1976 2627 2221 2692 statua
2271 2623 2457 2716 deae

213 2748 385 2820 hinc
415 2747 646 2840 possit
673 2748 1056 2819 abducere.
1157 2744 1390 2817 Varia
1414 2748 1691 2817 frustra
1718 2754 2163 2838 proponente
2192 2743 2459 2818 Oreste

215 2869 533 2968 denique
603 2873 765 2965 ipsa
828 2872 1075 2944 delum
1142 2869 1740 2957 comminiscitur,
1842 2879 1926 2943 ut
1969 2856 2456 2944 'simulacrum

216 3001 428 3094 quasi
470 3022 517 3070 a
558 2999 923 3092 parricida
960 2996 1530 3070 contaminatum
1567 2997 1854 3069 arcanis
1887 2997 2117 3069 sacris
2156 2998 2230 3068 in
2273 2999 2460 3070 mari

215 3132 637 3231 purgatura,
671 3126 747 3198 in
795 3147 1062 3199 navem
1112 3125 1458 3216 imponat,
1508 3125 1807 3216 ipsaque
1858 3145 2023 3195 cum
2074 3121 2339 3197 Oreste
2388 3135 2463 3196 et

215 3249 504 3345 Pylade
569 3252 927 3344 aufugiat.
1064 3250 1163 3322 Id
1226 3249 1448 3343 igitur
1465 3251 1520 3336 ,’
1571 3249 1940 3321 silentium
2005 3252 2465 3342 promittente

218 3379 484 3465 choro,
548 3377 1013 3454 constituunt.
1135 3375 1355 3456 Quae
1418 3377 1664 3449 omnia
1714 3384 1788 3447 et
1834 3377 2307 3469 probabiliter
2355 3376 2484 3445 in·-

216 3512 444 3577 venta
492 3510 567 3575 et
612 3505 859 3575 verbis
909 3503 1428 3595 sententiisque
1478 3504 1846 3596 aptissime
1892 3514 2248 3573 exornata·
2298 3524 2461 3573 esse

218 3653 366 3702 non
422 3637 533 3701 est
583 3631 776 3723 quod
794 3723 801 3728 ᾗ,
824 3630 1183 3721 explicate
1227 3630 1825 3720 demonstremuse
1894 3627 2123 3705 Quod
2164 3629 2229 3698 si
2269 3630 2464 3700 forte

218 3757 385 3850 quis
454 3763 693 3848 putet,
764 3754 1227 3849 Iphigeniae,
1313 3756 1442 3825 ubi
1505 3752 1859 3844 Pyladem
1922 3753 2126 3825 videt
2186 3755 2462 3828 litteras

217 3883 458 3954 annico
510 3883 838 3968 tradere,
909 3905 1217 3975 eumque
1269 3890 1348 3951 ut
1396 3881 1701 3951 fratrem
1755 3881 1911 3951 eius
1964 3882 2317 3968 salutare,
2385 3882 2463 3953 id
2527 3975 2538 3982 ,

218 4014 637 4100 suspectum
684 4007 921 4080 sideri
971 4007 1348 4094 debuisse,
1432 4008 1641 4100 quasi
1708 4007 2090 4078 confictum
2142 4031 2238 4078 ex
2287 4015 2461 4078 tem-

216 4156 425 4226 pore,
478 4155 624 4226 quo
670 4156 970 4226 parcere
1018 4157 1180 4205 eam
1221 4134 1399 4205 velit
1448 4133 1646 4203 vitae
1700 4134 1855 4204 eius
1905 4133 2119 4225 quem
2165 4134 2462 4204 fratrem

216 4249 435 4332 suum
488 4282 651 4332 esse
700 4261 984 4332 audiat:
1039 4260 1258 4331 facile
1305 4261 1426 4330 vel
1477 4260 1797 4351 paullum
1852 4281 1943 4329 ea
1993 4261 2086 4328 de
2134 4282 2216 4328 re
2268 4257 2460 4349 cogi-

216 4385 404 4456 tanti
454 4379 805 4477 appareat
843 4406 1148 4460 necesse
1198 4392 1313 4455 est
1348 4406 1443 4454 ne
1494 4385 1571 4455 in
1623 4390 1934 4454 mentem
1986 4383 2272 4476 quidem
2323 4382 2464 4455 hoc
2599 4413 2602 4416 ·

214 4510 477 4582 venire
538 4510 969 4604 Iphigeniae
1035 4513 1381 4602 potuisse.
1500 4508 1693 4580 Nam
1756 4531 1903 4578 non
1954 4509 2187 4578 solum
2235 4510 2450 4600 plane

1949 4632 1988 4670 ²*
2006 4636 2055 4706 2
