2934 4982
1252 211 1480 265 XXXV

231 391 410 468 ἀντὶ
480 399 614 489 τῆς
648 388 1080 492 Ἰφιγενείας
1142 382 1347 489 παρὰ
1395 383 1532 466 τδν
1578 389 1850 489 βωμὸν
1898 391 2122 490 ἔφηνε
2169 399 2478 489 ταῦρον,

235 518 484 616 αὐτὴν
549 514 633 592 δὲ
703 511 1187 611 ταυροπόλον.
1279 515 1471 592 κατὰ
1536 514 1618 591 δὲ
1676 512 1960 614 χρόνον
2032 513 2478 612 ἱκνούμενον

239 640 571 743 ἀπῴκισε
645 640 785 739 τὴν
834 639 1272 743 Ἰφιγένειαν
1336 646 1438 726 εἰς
1497 640 1637 740 τὴν
1712 641 2014 739 Λευκὴν
2077 643 2477 746 λεγομένην
2547 641 2565 731 ’,

248 768 452 922 παρὰ
516 767 651 845 τὸν
701 766 1091 864 Ἀχιλλέα,
1192 769 1319 843 καὶ
1398 763 1775 854 ἀλλάξασα
1838 766 2172 866 ἐποίησεν
2241 766 2478 867 αὐτὴν

228 893 552 1049 -ἆγήρων
615 893 740 969 καὶ
792 890 1189 969 ἀθάνατον
1239 891 1607 992 δαίμονα,
1683 890 1810 968 καὶ
1860 893 2255 992 ὠνόμασεν
2304 892 2477 971 ἀντὶ

233 1029 370 1121 τῆς
404 1017 832 1122 Ἰφιγενείας
860 1010 1338 1117 Ὀρειλοχίαν.
1391 1020 1672 1123 ἐγένετο
1725 1018 1952 1095 ὃεἈ
1877 1026 2179 1117 Αχιλλεῖ
2224 1015 2477 1096 σύνοι-

236 1177 390 1232 κος.
495 1149 617 1221 Ab
673 1148 969 1221 Theseo
1023 1157 1094 1219 et
1137 1147 1422 1220 Helena
1473 1150 1786 1245 genitam
1828 1173 1991 1223 esse
2023 1148 2476 1245 Iphigeniam

243 1278 471 1349 etiam
522 1276 643 1346 alii
693 1276 1081 1366 scriptores
1133 1276 1582 1351 tradiderunt
1634 1277 2174 1353 commemorati
2212 1298 2258 1351 a
2290 1273 2475 1349 Mei·

250 1403 473 1481 nekio
526 1403 617 1473 ad
654 1400 1191 1492 Euphorionem
1242 1423 1313 1493 p.
1360 1401 1527 1477 133.
1574 1423 1726 1494 seq.
1776 1390 2264 1493 Euphorionis
2311 1424 2473 1472 ver-

252 1542 381 1601 sus
428 1527 617 1620 apud
663 1525 900 1618 Etym.
952 1528 1024 1617 Ρ.
1077 1527 1269 1612 480,
1323 1527 1443 1598 18.
1497 1529 1608 1599 sic
1655 1527 2053 1600 scribendi:

1576 1622 1841 1700 οὕνεκα
1893 1620 1987 1720 δή
2037 1651 2174 1720 μιν

546 1723 666 1823 ἶφι
713 1722 1142 1821 βιησαμένῳ
1185 1722 1425 1822 Ἑλένη
1477 1723 1910 1828 ὑπεγείνατο
1969 1730 2205 1822 Θησεῖ.

244 1852 715 1946 Lycophroni
762 1845 948 1948 Ἶφις
1013 1853 1203 1925 dicta
1270 1862 1380 1925 est
1443 1876 1516 1926 v.
1584 1856 1756 1929 824.
1875 1854 2188 1942 Similis,
2255 1863 2337 1926 ut
2398 1855 2474 1927 in

240 1979 649 2072 Iphigenia3
700 1981 915 2050 etiam
967 1981 1040 2049 in
1093 1979 1433 2051 Thoante
1487 1981 1936 2052 diversorum
1991 1982 2322 2052 confusio
2366 1982 2475 2052 vi-

248 2109 470 2179 detur
540 2128 698 2176 esse
759 2108 992 2192 facta,
1076 2128 1292 2197 quum
1345 2105 1794 2196 Hypsipylae
1845 2116 2123 2196 patrem
2175 2105 2477 2179 Thoan·

244 2241 422 2316 tem,
472 2231 803 2333 quoniam
854 2233 976 2302 alii
1028 2254 1316 2324 quoque
1366 2232 1491 2307 ino
1534 2232 1823 2301 nomine
1867 2231 2474 2318 memorabantur,

240 2359 319 2427 in
383 2378 646 2427 navem
700 2380 743 2427 a
790 2358 939 2427 filia
1002 2357 1413 2460 impositum
1479 2359 1807 2451 quidam,
1888 2331 2092 2450 quos·
2137 2356 2475 2450 Hyginus

240 2484 499 2560 fabula
567 2481 736 2555 XV.
815 2493 1158 2577 sequutus
1231 2490 1376 2572 est,
1466 2484 1539 2553 in
1609 2481 2040 2571 Tauricam,
2137 2483 2300 2573 alii,
2393 2490 2476 2556 ut

216 2587 678 2702 'Apollonius
729 2608 1071 2682 Rhodius·
1105 2605 1168 2681 1.
1205 2610 1377 2683 623.
1410 2632 1611 2703 seqq.
1647 2611 1719 2680 in
1772 2611 2082 2681 insulam
2111 2603 2502 2699 oeno‘am„

243 2757 431 2828 quae
481 2744 733 2828 postea
782 2736 1071 2807 Sicinus
1122 2745 1234 2807 est
1282 2736 1514 2822 dieta,
1593 2736 1915 2807 delatum
1966 2759 2128 2807 esse
2179 2738 2474 2809 commi-

246 2860 710 2933 niscerentur.
830 2861 969 2932 Ille
1037 2836 1230 2932 certe
1294 2883 1507 2954 quem
1567 2864 1772 2934 fama
1833 2862 2119 2964 ferebat
2183 2861 2473 2933 Tauro·

247 3007 410 3057 rum
457 3009 590 3058 rex
641 2986 895 3059 Thoas
943 3013 1125 3075 non,
1182 2995 1257 3057 ut
1309 2986 1696 3090 Euripides
1746 2990 2049 3080 putabat
2096 3007 2169 3060 v.
2223 2988 2345 3063 31.

752 3109 952 3185 ὠκὺν
1001 3106 1199 3184 πόδα
1249 3108 1486 3192 τιθεὶς
1534 3114 1701 3184 ἴσον
1752 3115 2040 3207 πτεροῖς

551 3214 654 3294 εἷς
703 3210 1009 3307 τοῦνομ’
1067 3207 1254 3306 ἦλθε
1303 3218 1434 3306 τῆς
1482 3209 1891 3295 ποδωκείας
1932 3208 2184 3309 χάριν,

206 3341 436 3432 ⁸quod
500 3341 836 3410 eumdem
899 3364 1061 3410 cum
1111 3340 1420 3411 Lemnio
1479 3363 1641 3411 esse
1691 3350 1892 3413 ratus
1943 3342 2474 3435 Aristophanes

244 3467 319 3536 in
374 3461 697 3536 Lemniis
746 3466 987 3536 ridens
1038 3467 1111 3536 in
1165 3468 1604 3538 contrarium
1653 3468 1894 3553 vertit,

550 3588 863 3664 ἐνταῦθ’
921 3583 1453 3684 ἐτυράννευσέν
1504 3588 1686 3663 ποθ’
1735 3584 2133 3714 Υψιπύλης
2182 3588 2422 3687 πατὴρ

559 3685 784 3778 Θόας,
848 3685 1254 3787 βραδιστος
1301 3697 1459 3764 τῶν
1507 3693 1590 3764 ἐν
1643 3684 2081 3785 ἀνθρώποις
2130 3689 2472 3787 δραμεῖν,

241 3820 375 3889 sed
426 3818 665 3910 potius
718 3820 807 3889 ab
863 3819 1350 3890 accelerandis
1416 3819 1862 3889 advenarum
1917 3822 2474 3895 mactationibus

248 3966 512 4014 nomen
576 3944 752 4016 illud
804 3945 1089 4015 videtur
1139 3944 1530 4036 accepisse.
1634 3943 1834 4016 Nihil
1885 3947 2182 4019 istarum
2234 3972 2476 4021 rerum

243 4070 568 4140 omnium
636 4067 956 4142 Homero
1021 4081 1268 4142 notum
1332 4070 1509 4157 fuit,
1616 4075 1808 4165 apud
1874 4097 2085 4170 quem
2152 4074 2229 4145 in
2277 4098 2472 4170 nono

239 4195 496 4303 111αά13
547 4215 618 4266 v.
674 4197 842 4268 144.
898 4196 1348 4290 Agamemno
1402 4196 1609 4270 dicit.

545 4324 740 4413 τρεῖς
764 4317 856 4393 δε
873 4318 1004 4415 μοί
1046 4324 1184 4393 εἶσι
1179 4314 1660 4447 θύγατρες’
1628 4319 1740 4395 ενὶ
1749 4317 2079 4451 μεγαρῳ
2110 4317 2474 4422 εὓπήκτῳ,

543 4415 1031 4518 Χρυσόθεμις
1077 4417 1204 4496 καὶ
1251 4419 1598 4516 Λαοδίκη
1643 4420 1773 4498 καὶ
1812 4419 2294 4521 Ἰφιανασσα·
