<?xml version="1.0" encoding="UTF-8"?>
<!DOCTYPE html PUBLIC "-//W3C//DTD XHTML 1.0 Transitional//EN"
    "http://www.w3.org/TR/xhtml1/DTD/xhtml1-transitional.dtd">
<html xmlns="http://www.w3.org/1999/xhtml" xml:lang="en" lang="en">
 <head>
  <title>
</title>
<meta http-equiv="Content-Type" content="text/html;charset=utf-8" />
  <meta name='ocr-system' content='tesseract 3.04.00' />
  <meta name='ocr-capabilities' content='ocr_page ocr_carea ocr_par ocr_line ocrx_word'/>
</head>
<body>
  <div class='ocr_page' id='page_1' title='image "./iphigeniatauric00eurigoog_0076.png"; bbox 0 0 2934 4982; ppageno 0'>
   <div class='ocr_carea' id='block_1_1' title="bbox 1476 257 1582 333">
    <p class='ocr_par' dir='ltr' id='par_1_1' title="bbox 1476 257 1582 333">
     <span class='ocr_line' id='line_1_1' title="bbox 1476 257 1582 333; baseline 0 0"><span class='ocrx_word' id='word_1_1' title='bbox 1476 257 1582 333; x_wconf 69' lang='lat'><strong>3⁶</strong></span> 
     </span>
    </p>
   </div>
   <div class='ocr_carea' id='block_1_2' title="bbox 403 449 2374 941">
    <p class='ocr_par' dir='ltr' id='par_1_2' title="bbox 409 449 2476 681">
     <span class='ocr_line' id='line_1_2' title="bbox 409 449 2374 559; baseline 0.001 -29"><span class='ocrx_word' id='word_1_2' title='bbox 409 449 765 559; x_wconf 75' lang='grc' dir='ltr'><strong><em>φθογγάς</em></strong></span> <span class='ocrx_word' id='word_1_3' title='bbox 811 483 889 530; x_wconf 77' lang='grc' dir='ltr'><strong>τε</strong></span> <span class='ocrx_word' id='word_1_4' title='bbox 935 449 1250 553; x_wconf 78' lang='grc' dir='ltr'><strong><em>μόσχων</em></strong></span> <span class='ocrx_word' id='word_1_5' title='bbox 1297 455 1427 533; x_wconf 81' lang='grc' dir='ltr'><strong>καὶ</strong></span> <span class='ocrx_word' id='word_1_6' title='bbox 1474 464 1734 553; x_wconf 57' lang='grc' dir='ltr'><strong><em>κυκῶν</em></strong></span> <span class='ocrx_word' id='word_1_7' title='bbox 1782 452 2182 559; x_wconf 77' lang='grc' dir='ltr'><em>ὑλάγματα</em></span> <span class='ocrx_word' id='word_1_8' title='bbox 2229 520 2234 525; x_wconf 94' lang='grc'><strong>.</strong></span> <span class='ocrx_word' id='word_1_9' title='bbox 2353 520 2374 559; x_wconf 77' lang='lat'><strong>·,</strong></span> 
     </span>
     <span class='ocr_line' id='line_1_3' title="bbox 410 580 1984 681; baseline 0.001 -25"><span class='ocrx_word' id='word_1_10' title='bbox 410 582 462 656; x_wconf 82' lang='grc' dir='ltr'>ἅ</span> <span class='ocrx_word' id='word_1_11' title='bbox 512 581 696 681; x_wconf 74' lang='grc' dir='ltr'><strong><em>φασ’</em></strong></span> <span class='ocrx_word' id='word_1_12' title='bbox 740 581 1034 681; x_wconf 73' lang='grc' dir='ltr'><strong>Ἐρινῦς</strong></span> <span class='ocrx_word' id='word_1_13' title='bbox 1082 581 1271 673; x_wconf 72' lang='grc' dir='ltr'><strong>ἱέναι</strong></span> <span class='ocrx_word' id='word_1_14' title='bbox 1322 580 1741 681; x_wconf 78' lang='grc' dir='ltr'><strong><em>μιμήματα.</em></strong></span> <span class='ocrx_word' id='word_1_15' title='bbox 1979 668 1984 673; x_wconf 41' lang='lat'><strong>,</strong></span> 
     </span>
    </p>

    <p class='ocr_par' dir='ltr' id='par_1_3' title="bbox 403 705 2096 808">
     <span class='ocr_line' id='line_1_4' title="bbox 403 705 2096 808; baseline 0.001 -26"><span class='ocrx_word' id='word_1_16' title='bbox 403 707 616 806; x_wconf 75' lang='grc' dir='ltr'><strong><em>ἡμεῖς</em></strong></span> <span class='ocrx_word' id='word_1_17' title='bbox 665 705 749 782; x_wconf 76' lang='grc' dir='ltr'><strong>δὲ</strong></span> <span class='ocrx_word' id='word_1_18' title='bbox 803 707 1322 798; x_wconf 76' lang='grc' dir='ltr'><strong><em>συσταλέντες,</em></strong></span> <span class='ocrx_word' id='word_1_19' title='bbox 1376 708 1481 794; x_wconf 82' lang='grc' dir='ltr'><strong><em>ὥς</em></strong></span> <span class='ocrx_word' id='word_1_20' title='bbox 1535 705 2096 808; x_wconf 74' lang='grc' dir='ltr'><strong><em>θαμβούμενοι,</em></strong></span> 
     </span>
    </p>

    <p class='ocr_par' dir='ltr' id='par_1_4' title="bbox 413 829 2145 941">
     <span class='ocr_line' id='line_1_5' title="bbox 413 829 2145 941; baseline 0 -33"><span class='ocrx_word' id='word_1_21' title='bbox 413 842 583 941; x_wconf 80' lang='grc' dir='ltr'><strong>σιγῇ</strong></span> <span class='ocrx_word' id='word_1_22' title='bbox 636 829 1057 930; x_wconf 74' lang='grc' dir='ltr'><strong><em>καθήμεθ’·</em></strong></span> <span class='ocrx_word' id='word_1_23' title='bbox 1129 834 1303 931; x_wconf 24' lang='grc' dir='ltr'><strong>ὃοὸὲ</strong></span> <span class='ocrx_word' id='word_1_24' title='bbox 1350 835 1514 932; x_wconf 80' lang='grc' dir='ltr'><strong><em>χερὶ</em></strong></span> <span class='ocrx_word' id='word_1_25' title='bbox 1567 832 1856 919; x_wconf 77' lang='grc' dir='ltr'><strong><em>σπάσας</em></strong></span> <span class='ocrx_word' id='word_1_26' title='bbox 1908 832 2145 933; x_wconf 83' lang='grc' dir='ltr'><strong><em>ξίφος,</em></strong></span> 
     </span>
    </p>
   </div>
   <div class='ocr_carea' id='block_1_3' title="bbox 273 956 2061 1058">
    <p class='ocr_par' dir='ltr' id='par_1_5' title="bbox 273 956 2061 1058">
     <span class='ocr_line' id='line_1_6' title="bbox 273 956 2061 1058; baseline 0.001 -24"><span class='ocrx_word' id='word_1_27' title='bbox 273 979 396 1036; x_wconf 87' lang='grc'><strong>290</strong></span> <span class='ocrx_word' id='word_1_28' title='bbox 411 957 746 1058; x_wconf 78' lang='grc' dir='ltr'><strong><em>μόσχους</em></strong></span> <span class='ocrx_word' id='word_1_29' title='bbox 796 956 1122 1058; x_wconf 70' lang='grc' dir='ltr'><strong><em>ὀρούσας</em></strong></span> <span class='ocrx_word' id='word_1_30' title='bbox 1171 965 1273 1044; x_wconf 77' lang='grc' dir='ltr'><strong><em>εἷς</em></strong></span> <span class='ocrx_word' id='word_1_31' title='bbox 1318 961 1550 1058; x_wconf 78' lang='grc' dir='ltr'><strong><em>μέσας</em></strong></span> <span class='ocrx_word' id='word_1_32' title='bbox 1599 961 1787 1038; x_wconf 76' lang='grc' dir='ltr'><em>λέων</em></span> <span class='ocrx_word' id='word_1_33' title='bbox 1839 961 2061 1050; x_wconf 83' lang='grc' dir='ltr'><strong><em>ὅπως,</em></strong></span> 
     </span>
    </p>
   </div>
   <div class='ocr_carea' id='block_1_4' title="bbox 197 4113 377 4212">
    <p class='ocr_par' dir='ltr' id='par_1_6' title="bbox 197 4113 377 4212">
     <span class='ocr_line' id='line_1_7' title="bbox 212 4113 377 4156; baseline 0 0"><span class='ocrx_word' id='word_1_34' title='bbox 212 4113 220 4144; x_wconf 53' lang='lat'>¹</span> <span class='ocrx_word' id='word_1_35' title='bbox 356 4129 377 4156; x_wconf 63' lang='lat'><strong>¹8</strong></span> 
     </span>
     <span class='ocr_line' id='line_1_8' title="bbox 197 4151 375 4212; baseline -0.011 -4"><span class='ocrx_word' id='word_1_36' title='bbox 197 4151 251 4212; x_wconf 58' lang='lat' dir='ltr'><strong>Vt</strong></span> <span class='ocrx_word' id='word_1_37' title='bbox 262 4173 299 4208; x_wconf 55' lang='grc' dir='ltr'><strong>κ·</strong></span> <span class='ocrx_word' id='word_1_38' title='bbox 317 4181 331 4206; x_wconf 75' lang='grc' dir='ltr'><strong>ι</strong></span> <span class='ocrx_word' id='word_1_39' title='bbox 352 4175 375 4206; x_wconf 68' lang='lat' dir='ltr'><em>C</em></span> 
     </span>
    </p>
   </div>
   <div class='ocr_carea' id='block_1_5' title="bbox 409 1264 2665 1516">
    <p class='ocr_par' dir='ltr' id='par_1_7' title="bbox 409 1264 2665 1516">
     <span class='ocr_line' id='line_1_9' title="bbox 409 1264 2665 1340; baseline -0.001 -13"><span class='ocrx_word' id='word_1_40' title='bbox 409 1265 568 1327; x_wconf 81' lang='lat' dir='ltr'><strong>visus</strong></span> <span class='ocrx_word' id='word_1_41' title='bbox 611 1272 766 1324; x_wconf 82' lang='lat' dir='ltr'><strong>esset</strong></span> <span class='ocrx_word' id='word_1_42' title='bbox 806 1267 1069 1340; x_wconf 80' lang='lat' dir='ltr'><strong>Orestes,</strong></span> <span class='ocrx_word' id='word_1_43' title='bbox 1141 1266 1245 1326; x_wconf 89' lang='lat' dir='ltr'><strong>sed</strong></span> <span class='ocrx_word' id='word_1_44' title='bbox 1299 1264 1627 1328; x_wconf 81' lang='lat' dir='ltr'><strong>confudisse</strong></span> <span class='ocrx_word' id='word_1_45' title='bbox 1679 1268 1833 1328; x_wconf 88' lang='lat' dir='ltr'><strong>illum</strong></span> <span class='ocrx_word' id='word_1_46' title='bbox 1873 1287 2047 1329; x_wconf 80' lang='lat' dir='ltr'><strong>voces</strong></span> <span class='ocrx_word' id='word_1_47' title='bbox 2087 1264 2390 1328; x_wconf 82' lang='lat' dir='ltr'><strong>vitulorum</strong></span> <span class='ocrx_word' id='word_1_48' title='bbox 2432 1284 2665 1326; x_wconf 87' lang='lat' dir='ltr'><strong>eanum-</strong></span> 
     </span>
     <span class='ocr_line' id='line_1_10' title="bbox 411 1311 2662 1450; baseline -0 -41"><span class='ocrx_word' id='word_1_49' title='bbox 411 1369 522 1430; x_wconf 84' lang='lat' dir='ltr'><strong>que</strong></span> <span class='ocrx_word' id='word_1_50' title='bbox 562 1340 804 1410; x_wconf 81' lang='lat' dir='ltr'><strong>latratus</strong></span> <span class='ocrx_word' id='word_1_51' title='bbox 846 1371 971 1411; x_wconf 88' lang='lat' dir='ltr'><strong>cnm</strong></span> <span class='ocrx_word' id='word_1_52' title='bbox 1012 1311 1229 1411; x_wconf 57' lang='lat' dir='ltr'><strong>F&#39;ariis.</strong></span> <span class='ocrx_word' id='word_1_53' title='bbox 1289 1353 1352 1411; x_wconf 89' lang='lat' dir='ltr'><strong>ld</strong></span> <span class='ocrx_word' id='word_1_54' title='bbox 1391 1353 1677 1433; x_wconf 80' lang='lat' dir='ltr'><strong>vituperat</strong></span> <span class='ocrx_word' id='word_1_55' title='bbox 1717 1353 2023 1425; x_wconf 76' lang='lat' dir='ltr'><strong>Matthiae,</strong></span> <span class='ocrx_word' id='word_1_56' title='bbox 2066 1371 2347 1450; x_wconf 61' lang='lat' dir='ltr'><strong>quaerens</strong></span> <span class='ocrx_word' id='word_1_57' title='bbox 2388 1349 2487 1410; x_wconf 92' lang='lat' dir='ltr'><strong>ubi</strong></span> <span class='ocrx_word' id='word_1_58' title='bbox 2533 1356 2662 1409; x_wconf 89' lang='lat' dir='ltr'><strong>tan-</strong></span> 
     </span>
     <span class='ocr_line' id='line_1_11' title="bbox 413 1427 2664 1516; baseline -0.001 -22"><span class='ocrx_word' id='word_1_59' title='bbox 413 1436 540 1494; x_wconf 87' lang='lat' dir='ltr'><strong>dem</strong></span> <span class='ocrx_word' id='word_1_60' title='bbox 599 1427 984 1496; x_wconf 73' lang='grc' dir='ltr'><strong>ἆλλάσσεθαι</strong></span> <span class='ocrx_word' id='word_1_61' title='bbox 1040 1436 1118 1496; x_wconf 92' lang='lat' dir='ltr'><strong>sit</strong></span> <span class='ocrx_word' id='word_1_62' title='bbox 1173 1457 1267 1496; x_wconf 84' lang='lat' dir='ltr'><strong>res</strong></span> <span class='ocrx_word' id='word_1_63' title='bbox 1309 1437 1457 1497; x_wconf 91' lang='lat' dir='ltr'><strong>inter</strong></span> <span class='ocrx_word' id='word_1_64' title='bbox 1499 1459 1564 1497; x_wconf 87' lang='lat' dir='ltr'><strong>se</strong></span> <span class='ocrx_word' id='word_1_65' title='bbox 1606 1436 1975 1498; x_wconf 87' lang='lat' dir='ltr'><strong>confundere.</strong></span> <span class='ocrx_word' id='word_1_66' title='bbox 2071 1436 2271 1516; x_wconf 89' lang='lat' dir='ltr'><strong>Neque</strong></span> <span class='ocrx_word' id='word_1_67' title='bbox 2311 1435 2367 1495; x_wconf 92' lang='lat' dir='ltr'><strong>in</strong></span> <span class='ocrx_word' id='word_1_68' title='bbox 2414 1428 2664 1494; x_wconf 87' lang='lat' dir='ltr'><strong>Seidleri</strong></span> 
     </span>
    </p>
   </div>
   <div class='ocr_carea' id='block_1_6' title="bbox 350 1507 2664 1619">
    <p class='ocr_par' dir='ltr' id='par_1_8' title="bbox 350 1507 2664 1619">
     <span class='ocr_line' id='line_1_12' title="bbox 350 1507 2664 1619; baseline -0.001 -40"><span class='ocrx_word' id='word_1_69' title='bbox 350 1562 355 1569; x_wconf 83' lang='lat'>-</span> <span class='ocrx_word' id='word_1_70' title='bbox 414 1519 887 1619; x_wconf 73' lang='lat' dir='ltr'><strong>interpretatione</strong></span> <span class='ocrx_word' id='word_1_71' title='bbox 930 1528 1087 1580; x_wconf 86' lang='lat' dir='ltr'><strong>esset</strong></span> <span class='ocrx_word' id='word_1_72' title='bbox 1128 1522 1278 1601; x_wconf 84' lang='lat' dir='ltr'><strong>quod</strong></span> <span class='ocrx_word' id='word_1_73' title='bbox 1320 1522 1862 1602; x_wconf 75' lang='lat' dir='ltr'><strong>reprehenderetur,</strong></span> <span class='ocrx_word' id='word_1_74' title='bbox 1907 1542 2013 1582; x_wconf 89' lang='lat' dir='ltr'><strong>nec</strong></span> <span class='ocrx_word' id='word_1_75' title='bbox 2054 1521 2218 1601; x_wconf 89' lang='lat' dir='ltr'><strong>plane</strong></span> <span class='ocrx_word' id='word_1_76' title='bbox 2261 1520 2333 1579; x_wconf 86' lang='lat' dir='ltr'><strong>ab</strong></span> <span class='ocrx_word' id='word_1_77' title='bbox 2374 1507 2490 1578; x_wconf 87' lang='lat' dir='ltr'><strong>loci</strong></span> <span class='ocrx_word' id='word_1_78' title='bbox 2530 1538 2664 1578; x_wconf 83' lang='lat' dir='ltr'><strong>sen·</strong></span> 
     </span>
    </p>
   </div>
   <div class='ocr_carea' id='block_1_7' title="bbox 402 1596 2669 2468">
    <p class='ocr_par' dir='ltr' id='par_1_9' title="bbox 412 1596 2669 2448">
     <span class='ocr_line' id='line_1_13' title="bbox 418 1596 2658 1684; baseline -0.001 -18.996"><span class='ocrx_word' id='word_1_79' title='bbox 418 1602 609 1665; x_wconf 71' lang='lat' dir='ltr'><strong>&#39;sentia</strong></span> <span class='ocrx_word' id='word_1_80' title='bbox 661 1602 987 1665; x_wconf 74' lang='lat' dir='ltr'><strong>aberrasset</strong></span> <span class='ocrx_word' id='word_1_81' title='bbox 1037 1605 1349 1678; x_wconf 76' lang='lat' dir='ltr'><strong>Matthiae,</strong></span> <span class='ocrx_word' id='word_1_82' title='bbox 1380 1607 1472 1666; x_wconf 83' lang='lat' dir='ltr'><strong>ai</strong></span> <span class='ocrx_word' id='word_1_83' title='bbox 1524 1607 1623 1667; x_wconf 89' lang='lat' dir='ltr'><strong>illa</strong></span> <span class='ocrx_word' id='word_1_84' title='bbox 1675 1615 1833 1668; x_wconf 88' lang='lat' dir='ltr'><strong>recte</strong></span> <span class='ocrx_word' id='word_1_85' title='bbox 1891 1605 2337 1676; x_wconf 77' lang='lat' dir='ltr'><strong>intellexissent,</strong></span> <span class='ocrx_word' id='word_1_86' title='bbox 2398 1596 2440 1663; x_wconf 78' lang='grc' dir='ltr'>ἅ</span> <span class='ocrx_word' id='word_1_87' title='bbox 2494 1597 2658 1684; x_wconf 78' lang='lat' dir='ltr'><strong>‹pao’</strong></span> 
     </span>
     <span class='ocr_line' id='line_1_14' title="bbox 408 1682 2665 1770; baseline -0.001 -21.979"><span class='ocrx_word' id='word_1_88' title='bbox 408 1684 648 1770; x_wconf 77' lang='grc' dir='ltr'><strong>Ἐρινῦς</strong></span> <span class='ocrx_word' id='word_1_89' title='bbox 718 1685 868 1750; x_wconf 73' lang='grc' dir='ltr'><strong>ἴέναι</strong></span> <span class='ocrx_word' id='word_1_90' title='bbox 943 1682 1310 1768; x_wconf 72' lang='grc' dir='ltr'><strong><em>μιμήματα,</em></strong></span> <span class='ocrx_word' id='word_1_91' title='bbox 1394 1711 1541 1770; x_wconf 88' lang='lat' dir='ltr'><strong>quae</strong></span> <span class='ocrx_word' id='word_1_92' title='bbox 1607 1693 2009 1752; x_wconf 66' lang='lat' dir='ltr'><strong>adnotationes</strong></span> <span class='ocrx_word' id='word_1_93' title='bbox 2080 1710 2275 1750; x_wconf 87' lang='lat' dir='ltr'><strong>eorum</strong></span> <span class='ocrx_word' id='word_1_94' title='bbox 2339 1684 2665 1768; x_wconf 83' lang='lat' dir='ltr'><strong>inspicienti</strong></span> 
     </span>
     <span class='ocr_line' id='line_1_15' title="bbox 416 1771 2662 1873; baseline -0.001 -40"><span class='ocrx_word' id='word_1_95' title='bbox 416 1773 636 1873; x_wconf 90' lang='lat' dir='ltr'><strong>patebit</strong></span> <span class='ocrx_word' id='word_1_96' title='bbox 693 1773 921 1853; x_wconf 85' lang='lat' dir='ltr'><strong>utrique</strong></span> <span class='ocrx_word' id='word_1_97' title='bbox 974 1774 1100 1835; x_wconf 80' lang='lat' dir='ltr'><strong>visa</strong></span> <span class='ocrx_word' id='word_1_98' title='bbox 1154 1794 1284 1835; x_wconf 91' lang='lat' dir='ltr'><strong>esse</strong></span> <span class='ocrx_word' id='word_1_99' title='bbox 1339 1776 1741 1853; x_wconf 76' lang='lat' dir='ltr'><strong>explicationis</strong></span> <span class='ocrx_word' id='word_1_100' title='bbox 1783 1797 1987 1837; x_wconf 83' lang='lat' dir='ltr'><strong>caussa</strong></span> <span class='ocrx_word' id='word_1_101' title='bbox 2029 1774 2190 1849; x_wconf 89' lang='lat' dir='ltr'><strong>addi,</strong></span> <span class='ocrx_word' id='word_1_102' title='bbox 2256 1773 2338 1833; x_wconf 89' lang='lat' dir='ltr'><strong>ita</strong></span> <span class='ocrx_word' id='word_1_103' title='bbox 2379 1781 2445 1831; x_wconf 88' lang='lat' dir='ltr'><strong>ut</strong></span> <span class='ocrx_word' id='word_1_104' title='bbox 2486 1771 2662 1831; x_wconf 88' lang='lat' dir='ltr'><strong>etiam</strong></span> 
     </span>
     <span class='ocr_line' id='line_1_16' title="bbox 416 1856 2666 1958; baseline -0.001 -41"><span class='ocrx_word' id='word_1_105' title='bbox 416 1857 600 1917; x_wconf 87' lang='lat' dir='ltr'><strong>omitti</strong></span> <span class='ocrx_word' id='word_1_106' title='bbox 646 1858 964 1958; x_wconf 39' lang='lat' dir='ltr'><strong>Npotuerint.</strong></span> <span class='ocrx_word' id='word_1_107' title='bbox 1059 1859 1140 1917; x_wconf 89' lang='lat' dir='ltr'><strong>At</strong></span> <span class='ocrx_word' id='word_1_108' title='bbox 1170 1879 1293 1931; x_wconf 65' lang='lat' dir='ltr'><strong>pon</strong></span> <span class='ocrx_word' id='word_1_109' title='bbox 1339 1867 1430 1919; x_wconf 91' lang='lat' dir='ltr'><strong>est</strong></span> <span class='ocrx_word' id='word_1_110' title='bbox 1485 1860 1595 1934; x_wconf 90' lang='lat' dir='ltr'><strong>ita,</strong></span> <span class='ocrx_word' id='word_1_111' title='bbox 1657 1861 1760 1921; x_wconf 90' lang='lat' dir='ltr'><strong>sed</strong></span> <span class='ocrx_word' id='word_1_112' title='bbox 1815 1881 1947 1942; x_wconf 87' lang='lat' dir='ltr'><strong>pars</strong></span> <span class='ocrx_word' id='word_1_113' title='bbox 2001 1861 2099 1919; x_wconf 89' lang='lat' dir='ltr'><strong>illa</strong></span> <span class='ocrx_word' id='word_1_114' title='bbox 2152 1864 2286 1919; x_wconf 90' lang='lat' dir='ltr'><strong>sunt</strong></span> <span class='ocrx_word' id='word_1_115' title='bbox 2337 1856 2666 1918; x_wconf 88' lang='lat' dir='ltr'><strong>necessaria</strong></span> 
     </span>
     <span class='ocr_line' id='line_1_17' title="bbox 414 1942 2666 2025; baseline -0.001 -23"><span class='ocrx_word' id='word_1_116' title='bbox 414 1942 765 2014; x_wconf 87' lang='lat' dir='ltr'><strong>sententiae,</strong></span> <span class='ocrx_word' id='word_1_117' title='bbox 836 1943 1044 2022; x_wconf 88' lang='lat' dir='ltr'><strong>qnippe</strong></span> <span class='ocrx_word' id='word_1_118' title='bbox 1105 1942 1162 2002; x_wconf 91' lang='lat' dir='ltr'><strong>id</strong></span> <span class='ocrx_word' id='word_1_119' title='bbox 1216 1944 1598 2018; x_wconf 90' lang='lat' dir='ltr'><strong>coutinentia,</strong></span> <span class='ocrx_word' id='word_1_120' title='bbox 1670 1947 1821 2025; x_wconf 87' lang='lat' dir='ltr'><strong>quod</strong></span> <span class='ocrx_word' id='word_1_121' title='bbox 1877 1947 1949 2005; x_wconf 91' lang='lat' dir='ltr'><strong>de</strong></span> <span class='ocrx_word' id='word_1_122' title='bbox 1991 1944 2213 2025; x_wconf 80' lang='lat' dir='ltr'><strong>mugitu</strong></span> <span class='ocrx_word' id='word_1_123' title='bbox 2253 1942 2559 2004; x_wconf 80' lang='lat' dir='ltr'><strong>vitulorum</strong></span> <span class='ocrx_word' id='word_1_124' title='bbox 2603 1948 2666 2000; x_wconf 90' lang='lat' dir='ltr'><strong>et</strong></span> 
     </span>
     <span class='ocr_line' id='line_1_18' title="bbox 414 2020 2667 2135; baseline -0.001 -48"><span class='ocrx_word' id='word_1_125' title='bbox 414 2046 618 2087; x_wconf 85' lang='lat' dir='ltr'><strong>canum</strong></span> <span class='ocrx_word' id='word_1_126' title='bbox 672 2027 882 2087; x_wconf 87' lang='lat' dir='ltr'><strong>latratu</strong></span> <span class='ocrx_word' id='word_1_127' title='bbox 937 2027 1329 2125; x_wconf 84' lang='lat' dir='ltr'><strong>praedicatur.</strong></span> <span class='ocrx_word' id='word_1_128' title='bbox 1425 2050 1603 2109; x_wconf 88' lang='lat' dir='ltr'><strong>quare</strong></span> <span class='ocrx_word' id='word_1_129' title='bbox 1655 2030 1933 2135; x_wconf 80' lang='lat' dir='ltr'><strong>virgulam</strong></span> <span class='ocrx_word' id='word_1_130' title='bbox 1992 2049 2138 2134; x_wconf 85' lang='lat' dir='ltr'><strong>quae</strong></span> <span class='ocrx_word' id='word_1_131' title='bbox 2192 2028 2266 2087; x_wconf 89' lang='lat' dir='ltr'><strong>ad</strong></span> <span class='ocrx_word' id='word_1_132' title='bbox 2333 2020 2667 2131; x_wconf 77' lang='grc' dir='ltr'><strong><em>υλάγματα</em></strong></span> 
     </span>
     <span class='ocr_line' id='line_1_19' title="bbox 414 2104 2669 2194; baseline -0.001 -23"><span class='ocrx_word' id='word_1_133' title='bbox 414 2111 640 2172; x_wconf 86' lang='lat' dir='ltr'><strong>adiecta</strong></span> <span class='ocrx_word' id='word_1_134' title='bbox 701 2118 829 2171; x_wconf 88' lang='lat' dir='ltr'><strong>erat</strong></span> <span class='ocrx_word' id='word_1_135' title='bbox 881 2112 1103 2171; x_wconf 88' lang='lat' dir='ltr'><strong>sustuli.</strong></span> <span class='ocrx_word' id='word_1_136' title='bbox 1212 2113 1339 2173; x_wconf 82' lang='lat' dir='ltr'><strong>Hoc</strong></span> <span class='ocrx_word' id='word_1_137' title='bbox 1397 2114 1566 2177; x_wconf 82' lang='lat' dir='ltr'><strong>dicit:</strong></span> <span class='ocrx_word' id='word_1_138' title='bbox 1642 2108 1982 2194; x_wconf 71' lang='grc' dir='ltr'><strong><em>ἠλλάσσετο</em></strong></span> <span class='ocrx_word' id='word_1_139' title='bbox 2050 2108 2163 2185; x_wconf 84' lang='grc' dir='ltr'><strong><em>τὰς</em></strong></span> <span class='ocrx_word' id='word_1_140' title='bbox 2223 2112 2349 2172; x_wconf 77' lang='grc' dir='ltr'><strong>τῶν</strong></span> <span class='ocrx_word' id='word_1_141' title='bbox 2411 2104 2669 2190; x_wconf 78' lang='grc' dir='ltr'><strong><em>μόσχων</em></strong></span> 
     </span>
     <span class='ocr_line' id='line_1_20' title="bbox 402 2152 2668 2302; baseline -0.002 -44.978"><span class='ocrx_word' id='word_1_142' title='bbox 402 2190 723 2302; x_wconf 70' lang='grc' dir='ltr'><strong><em>φθογγὰς</em></strong></span> <span class='ocrx_word' id='word_1_143' title='bbox 764 2194 866 2256; x_wconf 77' lang='grc' dir='ltr'><strong>καὶ</strong></span> <span class='ocrx_word' id='word_1_144' title='bbox 922 2191 1014 2256; x_wconf 74' lang='grc' dir='ltr'><strong>τὰ</strong></span> <span class='ocrx_word' id='word_1_145' title='bbox 1072 2198 1198 2257; x_wconf 77' lang='grc' dir='ltr'><strong>τῶν</strong></span> <span class='ocrx_word' id='word_1_146' title='bbox 1258 2199 1457 2258; x_wconf 76' lang='grc' dir='ltr'><strong><em>κυνῶν</em></strong></span> <span class='ocrx_word' id='word_1_147' title='bbox 1516 2152 1843 2279; x_wconf 81' lang='grc' dir='ltr'><strong><em>υλᾶγματα</em></strong></span> <span class='ocrx_word' id='word_1_148' title='bbox 1906 2190 2270 2289; x_wconf 79' lang='grc' dir='ltr'><strong><em>μιμήματα,</em></strong></span> <span class='ocrx_word' id='word_1_149' title='bbox 2364 2189 2407 2256; x_wconf 77' lang='grc' dir='ltr'><strong><em>ἃ</em></strong></span> <span class='ocrx_word' id='word_1_150' title='bbox 2469 2216 2668 2277; x_wconf 78' lang='grc' dir='ltr'><strong>φασιν</strong></span> 
     </span>
     <span class='ocr_line' id='line_1_21' title="bbox 402 2274 2665 2363; baseline -0.001 -21.961"><span class='ocrx_word' id='word_1_151' title='bbox 402 2277 492 2341; x_wconf 80' lang='lat' dir='ltr'><strong>&#39;E</strong></span> <span class='ocrx_word' id='word_1_152' title='bbox 489 2282 658 2362; x_wconf 74' lang='grc' dir='ltr'><strong>ρινῦς</strong></span> <span class='ocrx_word' id='word_1_153' title='bbox 701 2276 876 2342; x_wconf 75' lang='grc' dir='ltr'><strong>ἱέναι.</strong></span> <span class='ocrx_word' id='word_1_154' title='bbox 964 2274 1418 2343; x_wconf 70' lang='grc' dir='ltr'><strong>Ἀλλάσσεσθαι</strong></span> <span class='ocrx_word' id='word_1_155' title='bbox 1473 2291 1702 2344; x_wconf 87' lang='lat' dir='ltr'><strong>constat</strong></span> <span class='ocrx_word' id='word_1_156' title='bbox 1753 2303 1883 2343; x_wconf 88' lang='lat' dir='ltr'><strong>esse</strong></span> <span class='ocrx_word' id='word_1_157' title='bbox 1934 2280 2257 2363; x_wconf 79' lang='lat' dir='ltr'><strong>permutare</strong></span> <span class='ocrx_word' id='word_1_158' title='bbox 2298 2279 2408 2340; x_wconf 85' lang='lat' dir='ltr'><strong>sibi</strong></span> <span class='ocrx_word' id='word_1_159' title='bbox 2449 2279 2665 2360; x_wconf 84' lang='lat' dir='ltr'><strong>aliquid</strong></span> 
     </span>
     <span class='ocr_line' id='line_1_22' title="bbox 412 2363 2669 2468; baseline -0.002 -41"><span class='ocrx_word' id='word_1_160' title='bbox 412 2366 505 2428; x_wconf 83' lang='lat' dir='ltr'><strong>vel</strong></span> <span class='ocrx_word' id='word_1_161' title='bbox 557 2366 745 2424; x_wconf 87' lang='lat' dir='ltr'><strong>dando</strong></span> <span class='ocrx_word' id='word_1_162' title='bbox 801 2363 954 2425; x_wconf 90' lang='lat' dir='ltr'><strong>aliud</strong></span> <span class='ocrx_word' id='word_1_163' title='bbox 1012 2385 1115 2445; x_wconf 91' lang='lat' dir='ltr'><strong>pro</strong></span> <span class='ocrx_word' id='word_1_164' title='bbox 1174 2386 1245 2425; x_wconf 91' lang='lat' dir='ltr'><strong>eo</strong></span> <span class='ocrx_word' id='word_1_165' title='bbox 1299 2368 1392 2428; x_wconf 80' lang='lat' dir='ltr'><strong>vel</strong></span> <span class='ocrx_word' id='word_1_166' title='bbox 1448 2368 1815 2468; x_wconf 45' lang='lat' dir='ltr'><strong>accipiendo..</strong></span> <span class='ocrx_word' id='word_1_167' title='bbox 1902 2368 2054 2427; x_wconf 90' lang='lat' dir='ltr'><strong>unde</strong></span> <span class='ocrx_word' id='word_1_168' title='bbox 2108 2374 2171 2425; x_wconf 89' lang='lat' dir='ltr'><strong>et</strong></span> <span class='ocrx_word' id='word_1_169' title='bbox 2225 2385 2414 2424; x_wconf 87' lang='lat' dir='ltr'><strong>emere</strong></span> <span class='ocrx_word' id='word_1_170' title='bbox 2469 2371 2564 2424; x_wconf 87' lang='lat' dir='ltr'><strong>est</strong></span> <span class='ocrx_word' id='word_1_171' title='bbox 2607 2369 2669 2423; x_wconf 80' lang='lat' dir='ltr'><strong>et</strong></span> 
     </span>
    </p>
   </div>
   <div class='ocr_carea' id='block_1_8' title="bbox 314 2446 2669 2530">
    <p class='ocr_par' dir='ltr' id='par_1_10' title="bbox 314 2446 2669 2530">
     <span class='ocr_line' id='line_1_23' title="bbox 314 2446 2669 2530; baseline -0.002 -18"><span class='ocrx_word' id='word_1_172' title='bbox 314 2513 320 2518; x_wconf 67' lang='grc'><strong><em>,</em></strong></span> <span class='ocrx_word' id='word_1_173' title='bbox 414 2451 686 2513; x_wconf 83' lang='lat' dir='ltr'><strong>vendere.</strong></span> <span class='ocrx_word' id='word_1_174' title='bbox 775 2450 938 2511; x_wconf 86' lang='lat' dir='ltr'><strong>Nunc</strong></span> <span class='ocrx_word' id='word_1_175' title='bbox 982 2449 1078 2529; x_wconf 87' lang='lat' dir='ltr'><strong>qui</strong></span> <span class='ocrx_word' id='word_1_176' title='bbox 1120 2450 1325 2511; x_wconf 89' lang='lat' dir='ltr'><strong>mentis</strong></span> <span class='ocrx_word' id='word_1_177' title='bbox 1369 2471 1567 2513; x_wconf 84' lang='lat' dir='ltr'><strong>errore</strong></span> <span class='ocrx_word' id='word_1_178' title='bbox 1618 2472 1715 2513; x_wconf 88' lang='lat' dir='ltr'><strong>res</strong></span> <span class='ocrx_word' id='word_1_179' title='bbox 1770 2452 1920 2513; x_wconf 90' lang='lat' dir='ltr'><strong>inter</strong></span> <span class='ocrx_word' id='word_1_180' title='bbox 1971 2471 2037 2512; x_wconf 89' lang='lat' dir='ltr'><strong>se</strong></span> <span class='ocrx_word' id='word_1_181' title='bbox 2091 2446 2390 2511; x_wconf 81' lang='lat' dir='ltr'><strong>confundit</strong></span> <span class='ocrx_word' id='word_1_182' title='bbox 2433 2457 2494 2510; x_wconf 90' lang='lat' dir='ltr'><strong>et</strong></span> <span class='ocrx_word' id='word_1_183' title='bbox 2536 2468 2669 2530; x_wconf 90' lang='lat' dir='ltr'><strong>per·</strong></span> 
     </span>
    </p>
   </div>
   <div class='ocr_carea' id='block_1_9' title="bbox 415 2533 2671 2955">
    <p class='ocr_par' dir='ltr' id='par_1_11' title="bbox 415 2533 2671 2955">
     <span class='ocr_line' id='line_1_24' title="bbox 415 2533 2668 2616; baseline -0.002 -20"><span class='ocrx_word' id='word_1_184' title='bbox 415 2542 627 2606; x_wconf 86' lang='lat' dir='ltr'><strong>mutat,</strong></span> <span class='ocrx_word' id='word_1_185' title='bbox 683 2554 876 2595; x_wconf 84' lang='lat' dir='ltr'><strong>veram</strong></span> <span class='ocrx_word' id='word_1_186' title='bbox 929 2554 1118 2594; x_wconf 87' lang='lat' dir='ltr'><strong>rerum</strong></span> <span class='ocrx_word' id='word_1_187' title='bbox 1173 2536 1418 2616; x_wconf 88' lang='lat' dir='ltr'><strong>speciem</strong></span> <span class='ocrx_word' id='word_1_188' title='bbox 1480 2538 1695 2598; x_wconf 89' lang='lat' dir='ltr'><strong>alienat</strong></span> <span class='ocrx_word' id='word_1_189' title='bbox 1746 2537 1816 2597; x_wconf 97' lang='lat' dir='ltr'><strong>ab</strong></span> <span class='ocrx_word' id='word_1_190' title='bbox 1873 2558 1938 2598; x_wconf 84' lang='lat' dir='ltr'><strong>se</strong></span> <span class='ocrx_word' id='word_1_191' title='bbox 1993 2543 2055 2596; x_wconf 92' lang='lat' dir='ltr'><strong>et</strong></span> <span class='ocrx_word' id='word_1_192' title='bbox 2104 2542 2286 2595; x_wconf 87' lang='lat' dir='ltr'><strong>mutat</strong></span> <span class='ocrx_word' id='word_1_193' title='bbox 2338 2534 2395 2594; x_wconf 90' lang='lat' dir='ltr'><strong>in</strong></span> <span class='ocrx_word' id='word_1_194' title='bbox 2439 2533 2668 2594; x_wconf 83' lang='lat' dir='ltr'><strong>falsam.</strong></span> 
     </span>
     <span class='ocr_line' id='line_1_25' title="bbox 415 2618 2669 2703; baseline -0 -24"><span class='ocrx_word' id='word_1_195' title='bbox 415 2620 481 2679; x_wconf 90' lang='lat' dir='ltr'><strong>ld</strong></span> <span class='ocrx_word' id='word_1_196' title='bbox 540 2626 724 2678; x_wconf 89' lang='lat' dir='ltr'><strong>autem</strong></span> <span class='ocrx_word' id='word_1_197' title='bbox 788 2619 846 2676; x_wconf 92' lang='lat' dir='ltr'><strong>in</strong></span> <span class='ocrx_word' id='word_1_198' title='bbox 900 2620 1050 2698; x_wconf 88' lang='lat' dir='ltr'><strong>quod</strong></span> <span class='ocrx_word' id='word_1_199' title='bbox 1099 2620 1231 2699; x_wconf 87' lang='lat' dir='ltr'><strong>qnid</strong></span> <span class='ocrx_word' id='word_1_200' title='bbox 1286 2628 1536 2681; x_wconf 86' lang='lat' dir='ltr'><strong>mutatur</strong></span> <span class='ocrx_word' id='word_1_201' title='bbox 1587 2624 1813 2683; x_wconf 84' lang='lat' dir='ltr'><strong>Graece</strong></span> <span class='ocrx_word' id='word_1_202' title='bbox 1866 2622 2100 2703; x_wconf 79' lang='lat' dir='ltr'><strong>linguae</strong></span> <span class='ocrx_word' id='word_1_203' title='bbox 2140 2619 2292 2679; x_wconf 90' lang='lat' dir='ltr'><strong>ratio</strong></span> <span class='ocrx_word' id='word_1_204' title='bbox 2336 2618 2669 2680; x_wconf 82' lang='lat' dir='ltr'><strong>accusativo</strong></span> 
     </span>
     <span class='ocr_line' id='line_1_26' title="bbox 416 2702 2667 2786; baseline -0 -22"><span class='ocrx_word' id='word_1_205' title='bbox 416 2702 731 2786; x_wconf 79' lang='lat' dir='ltr'><strong>significari</strong></span> <span class='ocrx_word' id='word_1_206' title='bbox 774 2704 1044 2783; x_wconf 88' lang='lat' dir='ltr'><strong>postulat.</strong></span> <span class='ocrx_word' id='word_1_207' title='bbox 1142 2702 1342 2784; x_wconf 88' lang='lat' dir='ltr'><strong>ltaque</strong></span> <span class='ocrx_word' id='word_1_208' title='bbox 1394 2705 1536 2765; x_wconf 91' lang='lat' dir='ltr'><strong>haec</strong></span> <span class='ocrx_word' id='word_1_209' title='bbox 1588 2713 1677 2765; x_wconf 91' lang='lat' dir='ltr'><strong>est</strong></span> <span class='ocrx_word' id='word_1_210' title='bbox 1731 2707 1951 2765; x_wconf 87' lang='lat' dir='ltr'><strong>illorum</strong></span> <span class='ocrx_word' id='word_1_211' title='bbox 2004 2706 2303 2767; x_wconf 84' lang='lat' dir='ltr'><strong>verborum</strong></span> <span class='ocrx_word' id='word_1_212' title='bbox 2346 2703 2667 2763; x_wconf 88' lang='lat' dir='ltr'><strong>sententia.</strong></span> 
     </span>
     <span class='ocr_line' id='line_1_27' title="bbox 416 2789 2671 2869; baseline -0.001 -20"><span class='ocrx_word' id='word_1_213' title='bbox 416 2808 608 2850; x_wconf 71' lang='lat' dir='ltr'><strong>voces</strong></span> <span class='ocrx_word' id='word_1_214' title='bbox 651 2789 775 2848; x_wconf 70' lang='lat' dir='ltr'><strong>ille</strong></span> <span class='ocrx_word' id='word_1_215' title='bbox 815 2790 1181 2848; x_wconf 71' lang='lat' dir='ltr'><strong>vitulorum</strong></span> <span class='ocrx_word' id='word_1_216' title='bbox 1220 2810 1590 2869; x_wconf 68' lang='lat' dir='ltr'><strong>canumque</strong></span> <span class='ocrx_word' id='word_1_217' title='bbox 1632 2793 1932 2850; x_wconf 67' lang='lat' dir='ltr'><strong>latratus</strong></span> <span class='ocrx_word' id='word_1_218' title='bbox 1985 2794 2222 2850; x_wconf 71' lang='lat' dir='ltr'><strong>utentia</strong></span> <span class='ocrx_word' id='word_1_219' title='bbox 2265 2808 2500 2848; x_wconf 81' lang='lat' dir='ltr'><strong>errore</strong></span> <span class='ocrx_word' id='word_1_220' title='bbox 2534 2805 2671 2863; x_wconf 77' lang='lat' dir='ltr'><strong>pro</strong></span> 
     </span>
     <span class='ocr_line' id='line_1_28' title="bbox 417 2870 2510 2955; baseline -0 -22"><span class='ocrx_word' id='word_1_221' title='bbox 417 2876 852 2934; x_wconf 70' lang='lat' dir='ltr'><strong>imitamentis</strong></span> <span class='ocrx_word' id='word_1_222' title='bbox 893 2870 1145 2947; x_wconf 71' lang='lat' dir='ltr'><strong>habuit,</strong></span> <span class='ocrx_word' id='word_1_223' title='bbox 1191 2876 1432 2955; x_wconf 69' lang='lat' dir='ltr'><strong>qualia</strong></span> <span class='ocrx_word' id='word_1_224' title='bbox 1473 2874 1736 2935; x_wconf 70' lang='lat' dir='ltr'><strong>Furiae</strong></span> <span class='ocrx_word' id='word_1_225' title='bbox 1778 2877 2096 2934; x_wconf 67' lang='lat' dir='ltr'><strong>dicantar</strong></span> <span class='ocrx_word' id='word_1_226' title='bbox 2133 2877 2510 2933; x_wconf 68' lang='lat' dir='ltr'><strong>immittere.</strong></span> 
     </span>
    </p>
   </div>
   <div class='ocr_carea' id='block_1_10' title="bbox 587 2972 2738 3078">
    <p class='ocr_par' dir='ltr' id='par_1_12' title="bbox 587 2972 2738 3078">
     <span class='ocr_line' id='line_1_29' title="bbox 587 2972 2738 3078; baseline 0 -37"><span class='ocrx_word' id='word_1_227' title='bbox 587 2983 659 3042; x_wconf 94' lang='lat' dir='ltr'><strong>V.</strong></span> <span class='ocrx_word' id='word_1_228' title='bbox 706 2989 848 3044; x_wconf 83' lang='grc'><strong>287.</strong></span> <span class='ocrx_word' id='word_1_229' title='bbox 945 2982 1154 3042; x_wconf 85' lang='lat' dir='ltr'><strong>Aldina</strong></span> <span class='ocrx_word' id='word_1_230' title='bbox 1197 2989 1258 3042; x_wconf 90' lang='lat' dir='ltr'><strong>et</strong></span> <span class='ocrx_word' id='word_1_231' title='bbox 1299 2983 1425 3058; x_wconf 87' lang='lat' dir='ltr'><strong>cod.</strong></span> <span class='ocrx_word' id='word_1_232' title='bbox 1470 2983 1606 3043; x_wconf 86' lang='lat' dir='ltr'><strong>Par.</strong></span> <span class='ocrx_word' id='word_1_233' title='bbox 1648 2984 1721 3043; x_wconf 91' lang='lat' dir='ltr'><strong>A.</strong></span> <span class='ocrx_word' id='word_1_234' title='bbox 1763 3004 2066 3078; x_wconf 84' lang='lat' dir='ltr'><strong>perperam</strong></span> <span class='ocrx_word' id='word_1_235' title='bbox 2101 2975 2207 3057; x_wconf 81' lang='grc' dir='ltr'><strong>ἅς,</strong></span> <span class='ocrx_word' id='word_1_236' title='bbox 2259 2982 2561 3048; x_wconf 82' lang='lat' dir='ltr'><strong>Brodaeus</strong></span> <span class='ocrx_word' id='word_1_237' title='bbox 2605 2973 2672 3057; x_wconf 80' lang='grc' dir='ltr'><strong><em>ἅ,</em></strong></span> <span class='ocrx_word' id='word_1_238' title='bbox 2726 2972 2738 2983; x_wconf 74' lang='grc'><strong><em>’</em></strong></span> 
     </span>
    </p>
   </div>
   <div class='ocr_carea' id='block_1_11' title="bbox 371 3053 1747 3162">
    <p class='ocr_par' dir='ltr' id='par_1_13' title="bbox 371 3053 1747 3162">
     <span class='ocr_line' id='line_1_30' title="bbox 371 3053 1747 3162; baseline 0.003 -38"><span class='ocrx_word' id='word_1_239' title='bbox 371 3135 387 3144; x_wconf 65' lang='lat'><em>,</em></span> <span class='ocrx_word' id='word_1_240' title='bbox 422 3067 575 3162; x_wconf 81' lang='lat' dir='ltr'><strong>quod</strong></span> <span class='ocrx_word' id='word_1_241' title='bbox 617 3065 914 3144; x_wconf 79' lang='lat' dir='ltr'><strong>firmarunt</strong></span> <span class='ocrx_word' id='word_1_242' title='bbox 955 3066 1169 3125; x_wconf 89' lang='lat' dir='ltr'><strong>caeteri</strong></span> <span class='ocrx_word' id='word_1_243' title='bbox 1210 3053 1461 3144; x_wconf 84' lang='lat' dir='ltr'><strong>codices</strong></span> <span class='ocrx_word' id='word_1_244' title='bbox 1481 3068 1747 3128; x_wconf 85' lang='lat' dir='ltr'><strong>Parisini.</strong></span> 
     </span>
    </p>
   </div>
   <div class='ocr_carea' id='block_1_12' title="bbox 420 3166 2676 3366">
    <p class='ocr_par' dir='ltr' id='par_1_14' title="bbox 420 3166 2676 3343">
     <span class='ocr_line' id='line_1_31' title="bbox 438 3166 2676 3255; baseline 0.003 -25"><span class='ocrx_word' id='word_1_245' title='bbox 438 3225 443 3230; x_wconf 88' lang='lat'><strong>.</strong></span> <span class='ocrx_word' id='word_1_246' title='bbox 591 3174 659 3234; x_wconf 92' lang='lat' dir='ltr'><strong>V.</strong></span> <span class='ocrx_word' id='word_1_247' title='bbox 707 3180 850 3235; x_wconf 87' lang='grc'><strong>288.</strong></span> <span class='ocrx_word' id='word_1_248' title='bbox 934 3174 1126 3233; x_wconf 85' lang='lat' dir='ltr'><strong>Libri.</strong></span> <span class='ocrx_word' id='word_1_249' title='bbox 1183 3166 1357 3253; x_wconf 75' lang='grc' dir='ltr'><strong><em>ημεῒς</em></strong></span> <span class='ocrx_word' id='word_1_250' title='bbox 1397 3172 1467 3236; x_wconf 76' lang='grc' dir='ltr'><strong>δὲ</strong></span> <span class='ocrx_word' id='word_1_251' title='bbox 1506 3173 1903 3250; x_wconf 73' lang='grc' dir='ltr'><strong><em>συσταλέντες</em></strong></span> <span class='ocrx_word' id='word_1_252' title='bbox 1955 3168 2072 3250; x_wconf 83' lang='grc' dir='ltr'><strong><em>ὥς</em></strong></span> <span class='ocrx_word' id='word_1_253' title='bbox 2091 3169 2498 3255; x_wconf 69' lang='grc' dir='ltr'><strong>θανούμενοι,</strong></span> <span class='ocrx_word' id='word_1_254' title='bbox 2566 3176 2676 3236; x_wconf 75' lang='lat' dir='ltr'><strong>aed</strong></span> 
     </span>
     <span class='ocr_line' id='line_1_32' title="bbox 420 3257 2675 3366; baseline -0.001 -45"><span class='ocrx_word' id='word_1_255' title='bbox 420 3259 622 3321; x_wconf 79' lang='lat' dir='ltr'><strong>altimo</strong></span> <span class='ocrx_word' id='word_1_256' title='bbox 661 3257 836 3319; x_wconf 80' lang='lat' dir='ltr'><strong>verbo</strong></span> <span class='ocrx_word' id='word_1_257' title='bbox 878 3257 938 3317; x_wconf 91' lang='lat' dir='ltr'><strong>in</strong></span> <span class='ocrx_word' id='word_1_258' title='bbox 979 3258 1139 3318; x_wconf 82' lang='lat' dir='ltr'><strong>Flor.</strong></span> <span class='ocrx_word' id='word_1_259' title='bbox 1189 3266 1247 3320; x_wconf 88' lang='grc'><strong>2.</strong></span> <span class='ocrx_word' id='word_1_260' title='bbox 1273 3259 1422 3320; x_wconf 89' lang='lat' dir='ltr'><strong>Vict.</strong></span> <span class='ocrx_word' id='word_1_261' title='bbox 1421 3263 1900 3366; x_wconf 77' lang='lat' dir='ltr'><strong>superscriptum</strong></span> <span class='ocrx_word' id='word_1_262' title='bbox 1939 3263 2051 3340; x_wconf 80' lang='grc' dir='ltr'><strong><em>μβ,</em></strong></span> <span class='ocrx_word' id='word_1_263' title='bbox 2083 3262 2248 3334; x_wconf 88' lang='lat' dir='ltr'><strong>unde</strong></span> <span class='ocrx_word' id='word_1_264' title='bbox 2287 3279 2460 3341; x_wconf 76' lang='lat' dir='ltr'><strong>quum</strong></span> <span class='ocrx_word' id='word_1_265' title='bbox 2502 3259 2675 3320; x_wconf 85' lang='lat' dir='ltr'><strong>Seid·</strong></span> 
     </span>
    </p>
   </div>
   <div class='ocr_carea' id='block_1_13' title="bbox 320 3337 2676 3425">
    <p class='ocr_par' dir='ltr' id='par_1_15' title="bbox 320 3337 2676 3425">
     <span class='ocr_line' id='line_1_33' title="bbox 320 3337 2676 3425; baseline -0.001 -19"><span class='ocrx_word' id='word_1_266' title='bbox 320 3363 325 3366; x_wconf 84' lang='grc'><em>·</em></span> <span class='ocrx_word' id='word_1_267' title='bbox 421 3347 579 3406; x_wconf 75' lang='lat' dir='ltr'><strong>letus</strong></span> <span class='ocrx_word' id='word_1_268' title='bbox 631 3343 689 3402; x_wconf 91' lang='lat' dir='ltr'><strong>in</strong></span> <span class='ocrx_word' id='word_1_269' title='bbox 732 3341 1088 3422; x_wconf 80' lang='lat' dir='ltr'><strong>praefatione</strong></span> <span class='ocrx_word' id='word_1_270' title='bbox 1129 3364 1185 3423; x_wconf 93' lang='lat' dir='ltr'><strong>p.</strong></span> <span class='ocrx_word' id='word_1_271' title='bbox 1245 3350 1344 3405; x_wconf 88' lang='grc'><strong>12.</strong></span> <span class='ocrx_word' id='word_1_272' title='bbox 1398 3337 1485 3417; x_wconf 81' lang='grc' dir='ltr'><strong><em>ὥς</em></strong></span> <span class='ocrx_word' id='word_1_273' title='bbox 1534 3339 1964 3425; x_wconf 70' lang='grc' dir='ltr'><strong><em>θαμβουμενοι</em></strong></span> <span class='ocrx_word' id='word_1_274' title='bbox 2017 3346 2350 3425; x_wconf 78' lang='lat' dir='ltr'><strong>probasset,</strong></span> <span class='ocrx_word' id='word_1_275' title='bbox 2416 3345 2676 3404; x_wconf 75' lang='lat' dir='ltr'><strong>riserunt</strong></span> 
     </span>
    </p>
   </div>
   <div class='ocr_carea' id='block_1_14' title="bbox 423 3427 2724 3595">
    <p class='ocr_par' dir='ltr' id='par_1_16' title="bbox 423 3427 2724 3595">
     <span class='ocr_line' id='line_1_34' title="bbox 423 3427 2724 3512; baseline 0.002 -22"><span class='ocrx_word' id='word_1_276' title='bbox 423 3431 576 3512; x_wconf 79' lang='lat' dir='ltr'><strong>hunc</strong></span> <span class='ocrx_word' id='word_1_277' title='bbox 626 3428 845 3490; x_wconf 80' lang='lat' dir='ltr'><strong>scilicet</strong></span> <span class='ocrx_word' id='word_1_278' title='bbox 884 3427 1197 3489; x_wconf 79' lang='lat' dir='ltr'><strong>Datismum</strong></span> <span class='ocrx_word' id='word_1_279' title='bbox 1242 3428 1543 3489; x_wconf 76' lang='lat' dir='ltr'><strong>Elmleius</strong></span> <span class='ocrx_word' id='word_1_280' title='bbox 1585 3437 1646 3489; x_wconf 86' lang='lat' dir='ltr'><strong>et</strong></span> <span class='ocrx_word' id='word_1_281' title='bbox 1686 3430 1993 3500; x_wconf 77' lang='lat' dir='ltr'><strong>Matthiae,</strong></span> <span class='ocrx_word' id='word_1_282' title='bbox 2049 3449 2158 3489; x_wconf 89' lang='lat' dir='ltr'><strong>nec</strong></span> <span class='ocrx_word' id='word_1_283' title='bbox 2199 3429 2440 3510; x_wconf 80' lang='lat' dir='ltr'><strong>provide</strong></span> <span class='ocrx_word' id='word_1_284' title='bbox 2482 3447 2675 3508; x_wconf 75' lang='lat' dir='ltr'><strong>neque</strong></span> <span class='ocrx_word' id='word_1_285' title='bbox 2705 3473 2724 3494; x_wconf 77' lang='grc'><strong>.</strong></span> 
     </span>
     <span class='ocr_line' id='line_1_35' title="bbox 427 3511 2678 3595; baseline -0.001 -20"><span class='ocrx_word' id='word_1_286' title='bbox 427 3521 494 3575; x_wconf 90' lang='grc' dir='ltr'><strong>ιιι</strong></span> <span class='ocrx_word' id='word_1_287' title='bbox 549 3513 661 3593; x_wconf 82' lang='lat' dir='ltr'><strong>ipsi</strong></span> <span class='ocrx_word' id='word_1_288' title='bbox 710 3511 1037 3595; x_wconf 79' lang='lat' dir='ltr'><strong>graviorem</strong></span> <span class='ocrx_word' id='word_1_289' title='bbox 1091 3520 1282 3573; x_wconf 87' lang='lat' dir='ltr'><strong>notam</strong></span> <span class='ocrx_word' id='word_1_290' title='bbox 1341 3513 1630 3574; x_wconf 68' lang='lat' dir='ltr'><strong>evitarint.</strong></span> <span class='ocrx_word' id='word_1_291' title='bbox 1737 3514 1877 3572; x_wconf 81' lang='lat' dir='ltr'><strong>Nam</strong></span> <span class='ocrx_word' id='word_1_292' title='bbox 1945 3520 2006 3572; x_wconf 86' lang='lat' dir='ltr'><strong>et</strong></span> <span class='ocrx_word' id='word_1_293' title='bbox 2057 3514 2456 3592; x_wconf 69' lang='grc' dir='ltr'><strong>θαμβεισθαι</strong></span> <span class='ocrx_word' id='word_1_294' title='bbox 2510 3520 2678 3573; x_wconf 71' lang='lat' dir='ltr'><strong>reete</strong></span> 
     </span>
    </p>
   </div>
   <div class='ocr_carea' id='block_1_15' title="bbox 340 3597 2677 3679">
    <p class='ocr_par' dir='ltr' id='par_1_17' title="bbox 340 3597 2677 3679">
     <span class='ocr_line' id='line_1_36' title="bbox 340 3597 2677 3679; baseline 0 -21"><span class='ocrx_word' id='word_1_295' title='bbox 340 3662 350 3672; x_wconf 65' lang='lat'>„</span> <span class='ocrx_word' id='word_1_296' title='bbox 429 3598 667 3670; x_wconf 89' lang='lat' dir='ltr'><strong>dicitur,</strong></span> <span class='ocrx_word' id='word_1_297' title='bbox 728 3599 1138 3679; x_wconf 83' lang='lat' dir='ltr'><strong>usurpavitque</strong></span> <span class='ocrx_word' id='word_1_298' title='bbox 1186 3597 1528 3670; x_wconf 74' lang='lat' dir='ltr'><strong>Plutarchus</strong></span> <span class='ocrx_word' id='word_1_299' title='bbox 1583 3597 1640 3656; x_wconf 91' lang='lat' dir='ltr'><strong>in</strong></span> <span class='ocrx_word' id='word_1_300' title='bbox 1697 3597 1949 3657; x_wconf 80' lang='lat' dir='ltr'><strong>Caesare</strong></span> <span class='ocrx_word' id='word_1_301' title='bbox 2001 3615 2055 3657; x_wconf 84' lang='lat' dir='ltr'><strong>e.</strong></span> <span class='ocrx_word' id='word_1_302' title='bbox 2108 3603 2213 3660; x_wconf 80' lang='lat'><strong>45.</strong></span> <span class='ocrx_word' id='word_1_303' title='bbox 2258 3599 2414 3678; x_wconf 82' lang='lat' dir='ltr'><strong>quod</strong></span> <span class='ocrx_word' id='word_1_304' title='bbox 2455 3599 2551 3659; x_wconf 83' lang='lat' dir='ltr'><strong>vel</strong></span> <span class='ocrx_word' id='word_1_305' title='bbox 2595 3617 2677 3658; x_wconf 83' lang='lat' dir='ltr'><strong>ex</strong></span> 
     </span>
    </p>
   </div>
   <div class='ocr_carea' id='block_1_16' title="bbox 429 3680 2681 4098">
    <p class='ocr_par' dir='ltr' id='par_1_18' title="bbox 429 3680 2681 4098">
     <span class='ocr_line' id='line_1_37' title="bbox 429 3680 2678 3783; baseline -0 -41"><span class='ocrx_word' id='word_1_306' title='bbox 429 3682 707 3783; x_wconf 81' lang='lat' dir='ltr'><strong>Stephani</strong></span> <span class='ocrx_word' id='word_1_307' title='bbox 747 3680 1149 3745; x_wconf 86' lang='lat' dir='ltr'><strong>Schneiderive</strong></span> <span class='ocrx_word' id='word_1_308' title='bbox 1188 3682 1376 3743; x_wconf 83' lang='lat' dir='ltr'><strong>lexico</strong></span> <span class='ocrx_word' id='word_1_309' title='bbox 1419 3680 1696 3763; x_wconf 78' lang='lat' dir='ltr'><strong>cognosci</strong></span> <span class='ocrx_word' id='word_1_310' title='bbox 1737 3688 1993 3760; x_wconf 86' lang='lat' dir='ltr'><strong>poterat,</strong></span> <span class='ocrx_word' id='word_1_311' title='bbox 2065 3688 2129 3742; x_wconf 85' lang='lat' dir='ltr'><strong>et</strong></span> <span class='ocrx_word' id='word_1_312' title='bbox 2169 3684 2322 3762; x_wconf 80' lang='lat' dir='ltr'><strong>quod</strong></span> <span class='ocrx_word' id='word_1_313' title='bbox 2364 3687 2678 3744; x_wconf 82' lang='lat' dir='ltr'><strong>servarunt</strong></span> 
     </span>
     <span class='ocr_line' id='line_1_38' title="bbox 429 3758 2677 3846; baseline -0.001 -19"><span class='ocrx_word' id='word_1_314' title='bbox 429 3758 807 3842; x_wconf 74' lang='grc' dir='ltr'><strong><em>θανούμενοι</em></strong></span> <span class='ocrx_word' id='word_1_315' title='bbox 863 3767 1165 3826; x_wconf 82' lang='lat' dir='ltr'><strong>absurdum</strong></span> <span class='ocrx_word' id='word_1_316' title='bbox 1219 3773 1325 3827; x_wconf 91' lang='lat' dir='ltr'><strong>est.</strong></span> <span class='ocrx_word' id='word_1_317' title='bbox 1441 3766 1587 3833; x_wconf 73' lang='lat' dir='ltr'><strong>Quis</strong></span> <span class='ocrx_word' id='word_1_318' title='bbox 1645 3765 1793 3825; x_wconf 84' lang='lat' dir='ltr'><strong>enim</strong></span> <span class='ocrx_word' id='word_1_319' title='bbox 1847 3765 2045 3825; x_wconf 78' lang='lat' dir='ltr'><strong>mortis</strong></span> <span class='ocrx_word' id='word_1_320' title='bbox 2098 3774 2283 3826; x_wconf 70' lang='lat' dir='ltr'><strong>metuis</strong></span> <span class='ocrx_word' id='word_1_321' title='bbox 2339 3766 2677 3846; x_wconf 80' lang='lat' dir='ltr'><strong>pastoribus</strong></span> 
     </span>
     <span class='ocr_line' id='line_1_39' title="bbox 429 3848 2681 3950; baseline -0.001 -39"><span class='ocrx_word' id='word_1_322' title='bbox 429 3850 502 3911; x_wconf 86' lang='lat' dir='ltr'><strong>ab</strong></span> <span class='ocrx_word' id='word_1_323' title='bbox 546 3848 799 3919; x_wconf 82' lang='lat' dir='ltr'><strong>homine,</strong></span> <span class='ocrx_word' id='word_1_324' title='bbox 869 3851 966 3928; x_wconf 87' lang='lat' dir='ltr'><strong>qui</strong></span> <span class='ocrx_word' id='word_1_325' title='bbox 1014 3850 1137 3929; x_wconf 85' lang='lat' dir='ltr'><strong>ipse</strong></span> <span class='ocrx_word' id='word_1_326' title='bbox 1178 3851 1285 3910; x_wconf 81' lang='lat' dir='ltr'><strong>sihi</strong></span> <span class='ocrx_word' id='word_1_327' title='bbox 1327 3871 1430 3950; x_wconf 87' lang='lat' dir='ltr'><strong>per</strong></span> <span class='ocrx_word' id='word_1_328' title='bbox 1464 3851 1728 3914; x_wconf 73' lang='lat' dir='ltr'><strong>delirium</strong></span> <span class='ocrx_word' id='word_1_329' title='bbox 1768 3857 2003 3910; x_wconf 72' lang='lat' dir='ltr'><strong>mortem</strong></span> <span class='ocrx_word' id='word_1_330' title='bbox 2045 3853 2361 3911; x_wconf 63' lang='lat' dir='ltr'><strong>metueretl</strong></span> <span class='ocrx_word' id='word_1_331' title='bbox 2446 3850 2681 3910; x_wconf 71' lang='lat' dir='ltr'><strong>Rectis-</strong></span> 
     </span>
     <span class='ocr_line' id='line_1_40' title="bbox 431 3925 2679 4006; baseline 0 -11"><span class='ocrx_word' id='word_1_332' title='bbox 431 3934 573 3995; x_wconf 79' lang='lat' dir='ltr'><strong>sime</strong></span> <span class='ocrx_word' id='word_1_333' title='bbox 613 3932 883 3992; x_wconf 82' lang='lat' dir='ltr'><strong>iudicavit</strong></span> <span class='ocrx_word' id='word_1_334' title='bbox 923 3925 1245 4005; x_wconf 84' lang='lat' dir='ltr'><strong>Seidlerua,</strong></span> <span class='ocrx_word' id='word_1_335' title='bbox 1288 3936 1378 3996; x_wconf 85' lang='lat' dir='ltr'><strong>vir</strong></span> <span class='ocrx_word' id='word_1_336' title='bbox 1416 3956 1533 3994; x_wconf 91' lang='lat' dir='ltr'><strong>non</strong></span> <span class='ocrx_word' id='word_1_337' title='bbox 1575 3936 1751 3997; x_wconf 82' lang='lat' dir='ltr'><strong>verba</strong></span> <span class='ocrx_word' id='word_1_338' title='bbox 1790 3935 2039 4006; x_wconf 81' lang='lat' dir='ltr'><strong>tantum,</strong></span> <span class='ocrx_word' id='word_1_339' title='bbox 2080 3935 2185 3994; x_wconf 82' lang='lat' dir='ltr'><strong>sed</strong></span> <span class='ocrx_word' id='word_1_340' title='bbox 2225 3935 2396 3993; x_wconf 85' lang='lat' dir='ltr'><strong>etiam</strong></span> <span class='ocrx_word' id='word_1_341' title='bbox 2440 3941 2679 3995; x_wconf 76' lang='lat' dir='ltr'><strong>senteu-</strong></span> 
     </span>
     <span class='ocr_line' id='line_1_41' title="bbox 432 4015 2680 4098; baseline 0.001 -18"><span class='ocrx_word' id='word_1_342' title='bbox 432 4018 575 4080; x_wconf 87' lang='lat' dir='ltr'><strong>tiam</strong></span> <span class='ocrx_word' id='word_1_343' title='bbox 620 4015 920 4078; x_wconf 80' lang='lat' dir='ltr'><strong>verborum</strong></span> <span class='ocrx_word' id='word_1_344' title='bbox 971 4024 1234 4096; x_wconf 83' lang='lat' dir='ltr'><strong>spectare</strong></span> <span class='ocrx_word' id='word_1_345' title='bbox 1285 4019 1508 4078; x_wconf 87' lang='lat' dir='ltr'><strong>solitus.</strong></span> <span class='ocrx_word' id='word_1_346' title='bbox 1605 4021 1746 4080; x_wconf 81' lang='lat' dir='ltr'><strong>Eum</strong></span> <span class='ocrx_word' id='word_1_347' title='bbox 1801 4026 2075 4098; x_wconf 74' lang='lat' dir='ltr'><strong>sequutus</strong></span> <span class='ocrx_word' id='word_1_348' title='bbox 2123 4025 2218 4077; x_wconf 76' lang='lat' dir='ltr'><strong>est</strong></span> <span class='ocrx_word' id='word_1_349' title='bbox 2256 4017 2680 4082; x_wconf 72' lang='lat' dir='ltr'><strong>Boisaonadm·</strong></span> 
     </span>
    </p>
   </div>
   <div class='ocr_carea' id='block_1_17' title="bbox 436 4126 2742 4472">
    <p class='ocr_par' dir='ltr' id='par_1_19' title="bbox 436 4126 2686 4472">
     <span class='ocr_line' id='line_1_42' title="bbox 603 4126 2682 4220; baseline 0.002 -29"><span class='ocrx_word' id='word_1_350' title='bbox 603 4133 676 4194; x_wconf 90' lang='lat' dir='ltr'><strong>V.</strong></span> <span class='ocrx_word' id='word_1_351' title='bbox 733 4140 877 4196; x_wconf 85' lang='grc'><strong>289.</strong></span> <span class='ocrx_word' id='word_1_352' title='bbox 974 4133 1139 4194; x_wconf 85' lang='lat' dir='ltr'><strong>Libri</strong></span> <span class='ocrx_word' id='word_1_353' title='bbox 1181 4126 1215 4193; x_wconf 84' lang='grc' dir='ltr'><strong>ὃ</strong></span> <span class='ocrx_word' id='word_1_354' title='bbox 1258 4131 1327 4195; x_wconf 73' lang='grc' dir='ltr'><strong>δὲ</strong></span> <span class='ocrx_word' id='word_1_355' title='bbox 1364 4130 1752 4220; x_wconf 51' lang='lat' dir='ltr'><strong>metanaeas·</strong></span> <span class='ocrx_word' id='word_1_356' title='bbox 1791 4134 1994 4216; x_wconf 73' lang='grc' dir='ltr'><strong><em>ξίφος,</em></strong></span> <span class='ocrx_word' id='word_1_357' title='bbox 2048 4136 2201 4215; x_wconf 79' lang='lat' dir='ltr'><strong>quod</strong></span> <span class='ocrx_word' id='word_1_358' title='bbox 2253 4133 2682 4196; x_wconf 74' lang='lat' dir='ltr'><strong>defendendu-</strong></span> 
     </span>
     <span class='ocr_line' id='line_1_43' title="bbox 436 4216 2684 4324; baseline -0 -42"><span class='ocrx_word' id='word_1_359' title='bbox 436 4219 674 4304; x_wconf 82' lang='lat' dir='ltr'><strong>putabat</strong></span> <span class='ocrx_word' id='word_1_360' title='bbox 733 4218 1045 4279; x_wconf 83' lang='lat' dir='ltr'><strong>Seidlerus.</strong></span> <span class='ocrx_word' id='word_1_361' title='bbox 1141 4218 1260 4279; x_wconf 87' lang='lat' dir='ltr'><strong>Sed</strong></span> <span class='ocrx_word' id='word_1_362' title='bbox 1302 4223 1603 4300; x_wconf 70' lang='grc' dir='ltr'><strong>περισπᾶν</strong></span> <span class='ocrx_word' id='word_1_363' title='bbox 1652 4228 1745 4281; x_wconf 86' lang='lat' dir='ltr'><strong>eat</strong></span> <span class='ocrx_word' id='word_1_364' title='bbox 1795 4218 2223 4324; x_wconf 66' lang='lat' dir='ltr'><strong>abstrahere,</strong></span> <span class='ocrx_word' id='word_1_365' title='bbox 2294 4216 2684 4282; x_wconf 56' lang='lat' dir='ltr'><strong>detrahere.</strong></span> 
     </span>
     <span class='ocr_line' id='line_1_44' title="bbox 436 4297 2742 4393; baseline -0.001 -25"><span class='ocrx_word' id='word_1_366' title='bbox 436 4306 750 4368; x_wconf 78' lang='lat' dir='ltr'><strong>Piersonus</strong></span> <span class='ocrx_word' id='word_1_367' title='bbox 803 4302 986 4365; x_wconf 74' lang='lat' dir='ltr'><strong>Veris.</strong></span> <span class='ocrx_word' id='word_1_368' title='bbox 1043 4324 1100 4383; x_wconf 86' lang='lat' dir='ltr'><strong>p.</strong></span> <span class='ocrx_word' id='word_1_369' title='bbox 1160 4311 1258 4366; x_wconf 88' lang='grc'><strong>17.</strong></span> <span class='ocrx_word' id='word_1_370' title='bbox 1311 4310 1373 4365; x_wconf 85' lang='lat' dir='ltr'><strong>et</strong></span> <span class='ocrx_word' id='word_1_371' title='bbox 1410 4306 1783 4378; x_wconf 73' lang='lat' dir='ltr'><strong>Marklandus</strong></span> <span class='ocrx_word' id='word_1_372' title='bbox 1837 4298 1871 4365; x_wconf 83' lang='grc' dir='ltr'><strong>ὅ</strong></span> <span class='ocrx_word' id='word_1_373' title='bbox 1923 4301 1996 4365; x_wconf 71' lang='grc' dir='ltr'><strong>δὲ</strong></span> <span class='ocrx_word' id='word_1_374' title='bbox 2031 4304 2163 4386; x_wconf 71' lang='grc' dir='ltr'><strong>χερὶ</strong></span> <span class='ocrx_word' id='word_1_375' title='bbox 2203 4297 2472 4378; x_wconf 71' lang='grc' dir='ltr'><strong>σπείσας.</strong></span> <span class='ocrx_word' id='word_1_376' title='bbox 2561 4304 2742 4393; x_wconf 70' lang='lat' dir='ltr'><strong>op·</strong></span> 
     </span>
     <span class='ocr_line' id='line_1_45' title="bbox 439 4388 2686 4472; baseline 0.002 -24"><span class='ocrx_word' id='word_1_377' title='bbox 439 4396 684 4472; x_wconf 72' lang='lat' dir='ltr'><strong>portatae</strong></span> <span class='ocrx_word' id='word_1_378' title='bbox 751 4388 970 4449; x_wconf 71' lang='lat' dir='ltr'><strong>monuit</strong></span> <span class='ocrx_word' id='word_1_379' title='bbox 1026 4388 1301 4449; x_wconf 79' lang='lat' dir='ltr'><strong>Matthiae</strong></span> <span class='ocrx_word' id='word_1_380' title='bbox 1368 4389 1540 4449; x_wconf 80' lang='lat' dir='ltr'><strong>etiam</strong></span> <span class='ocrx_word' id='word_1_381' title='bbox 1601 4389 1661 4449; x_wconf 86' lang='lat' dir='ltr'><strong>in</strong></span> <span class='ocrx_word' id='word_1_382' title='bbox 1731 4390 2003 4450; x_wconf 74' lang='lat' dir='ltr'><strong>Andron.</strong></span> <span class='ocrx_word' id='word_1_383' title='bbox 2069 4396 2216 4452; x_wconf 79' lang='grc'><strong>167.</strong></span> <span class='ocrx_word' id='word_1_384' title='bbox 2269 4409 2378 4470; x_wconf 83' lang='lat' dir='ltr'><strong>pro</strong></span> <span class='ocrx_word' id='word_1_385' title='bbox 2431 4389 2686 4453; x_wconf 61' lang='lat' dir='ltr'><strong>fidinae</strong></span> 
     </span>
    </p>
   </div>
   <div class='ocr_carea' id='block_1_18' title="bbox 441 4470 1913 4557">
    <p class='ocr_par' dir='ltr' id='par_1_20' title="bbox 441 4470 1913 4557">
     <span class='ocr_line' id='line_1_46' title="bbox 441 4470 1913 4557; baseline -0.001 -20"><span class='ocrx_word' id='word_1_386' title='bbox 441 4470 838 4556; x_wconf 71' lang='grc' dir='ltr'><strong>περισπείρων</strong></span> <span class='ocrx_word' id='word_1_387' title='bbox 876 4473 1105 4536; x_wconf 76' lang='lat' dir='ltr'><strong>codices</strong></span> <span class='ocrx_word' id='word_1_388' title='bbox 1137 4472 1274 4555; x_wconf 76' lang='grc' dir='ltr'><strong>χερὶ</strong></span> <span class='ocrx_word' id='word_1_389' title='bbox 1316 4472 1581 4557; x_wconf 72' lang='grc' dir='ltr'><strong><em>σπείρων</em></strong></span> <span class='ocrx_word' id='word_1_390' title='bbox 1619 4474 1913 4554; x_wconf 78' lang='lat' dir='ltr'><strong>praebere.</strong></span> 
     </span>
    </p>
   </div>
  </div>
 </body>
</html>
