2934 4982
1313 226 1492 307 (39.

262 414 486 506 αὖθις
532 419 621 499 τὸ
669 429 818 502 νῦν
866 422 1172 502 ὑπεῖκον
1219 424 1557 523 ἤρασσον
1606 427 1913 527 πέτροις.
2519 452 2644 507 ³20

213 612 220 616 ,
260 543 413 625 ἀλλ’
469 542 570 645 ἦν
618 548 933 626 ἄπιστον
950 573 972 592 ·
1021 548 1323 647 μυρίων
1366 550 1520 655 γὰρ
1569 555 1651 629 ἐκ
1694 559 1943 653 χερῶν
2320 535 2326 540 ’

260 673 496 759 οὐδεὶς
544 674 639 748 τὰ
688 682 817 777 τῆς
866 678 1057 752 θεοῦ
1106 672 1401 779 θύματ’
1459 675 1753 776 εὐτύχει
1802 676 2087 779 βαλών.

256 798 462 900 μόλις
508 799 602 878 δέ
642 827 771 879 νιν
814 797 1049 900 τόλμῃ
1098 800 1244 902 μὲν
1293 803 1387 880 οὗ
1428 802 1920 905 χειρούμεθα,

257 924 498 1027 κύκλῳ
549 925 634 1003 δὲ
686 924 1250 1028 περιβάλλοντες
1299 930 1742 1030 ἐξελέψαμεν
1782 910 1787 915 ⁵

258 1055 576 1155 πέτροισι
617 1062 897 1154 χειρῶν
947 1050 1280 1157 φάσγαν’
1303 1109 1330 1145 ,
1383 1062 1487 1141 εἷς
1535 1056 1618 1132 δὲ
1668 1065 1815 1161 γῆν
1860 1054 2054 1161 γόνυ
2511 1083 2634 1140 325

255 1177 564 1280 καμάτῳ
612 1185 1005 1259 καθεῖσαν.
1058 1179 1244 1282 πρὸς
1293 1180 1367 1256 δ’
1430 1184 1720 1259 ἄνακτα
1767 1183 1982 1281 τῆςὸε
2033 1193 2169 1288 γῆς

256 1306 652 1406 κομίζομέν
697 1336 846 1385 νιν.
899 1307 941 1383 ὃ
993 1306 1067 1384 δ’
1127 1305 1395 1391 ἐςιδών
1446 1308 1628 1386 ὅσον
1687 1307 1914 1412 τάχος
1966 1291 2070 1387 72²
2136 1305 2251 1388 v&
2288 1318 2296 1329 '

240 1433 356 1541 Q
392 1429 753 1535 χέρνιβάς
799 1463 877 1541 τε
926 1432 1057 1515 καὶ
1107 1434 1408 1537 σφαγεῖ’
1439 1434 1748 1537 ’ἔπεμπέ
1792 1459 1933 1513 σοι.
1978 1430 2009 1505 ’ἒ
2027 1466 2065 1519 S

418 1741 489 1803 V.
533 1748 681 1803 320.
762 1739 893 1800 Ald.
940 1761 1138 1815 ουτις,
1199 1741 1352 1820 quod
1406 1740 1582 1803 miror
1621 1743 1947 1806 El-sleium
1988 1745 2063 1806 ad
2101 1745 2257 1806 Mod.
2302 1749 2491 1810 1185.

259 1825 351 1884 ulii
400 1826 662 1905 exempla
712 1824 773 1884 in
826 1824 1030 1905 quibus
1072 1825 1125 1886 εἰ
1165 1832 1233 1885 ut
1282 1827 1393 1888 hoc
1434 1828 1565 1889 loco
1609 1829 1820 1891 dictum
1861 1836 1953 1891 est
1991 1829 2317 1934 congessit,

257 1929 436 1971 vasae.
536 1910 717 1970 Codd.
767 1930 983 1971 omnes
1051 1898 1256 1986 αὖτις,
1344 1913 1418 1973 ab
1489 1914 1749 1976 Seidlcro
1816 1914 1876 1977 in
1942 1902 2132 1987 αυθις
2198 1921 2493 1976 mutatum.

257 1993 472 2056 Deinde
521 1995 652 2055 Ald.
706 1988 1001 2075 ἤρασσεν,
1068 1996 1238 2056 codd.
1290 1996 1539 2058 Parisini
1592 2006 1653 2059 et
1704 2000 2022 2060 Florentini
2061 1994 2371 2079 ἤρασσον,
2428 2007 2494 2061 ut

258 2078 325 2139 de
361 2080 588 2140 nomine
628 2080 944 2142 collective.
1030 2080 1290 2160 Denique
1332 2082 1492 2142 Flor.
1540 2091 1598 2144 1.
1641 2080 1899 2165 πέτρας,
1944 2092 2006 2145 2.
2047 2081 2317 2165 πέτραν.

411 2181 484 2243 V.
528 2188 675 2245 322.
758 2182 887 2242 Ald.
930 2174 1172 2260 λαβών,
1228 2184 1380 2262 quod
1422 2184 1779 2244 emendatum
1822 2204 1899 2245 ex
1940 2184 2108 2246 codd.
2151 2184 2430 2245 omnibus.

413 2283 484 2344 V.
529 2289 675 2347 323.
761 2283 896 2343 Par.
940 2285 1010 2344 A.
1055 2275 1252 2365 τόλμῃ
1292 2280 1407 2362 μὲν
1448 2278 1874 2367 ἓχειρουμεθα.

414 2385 484 2445 V.
531 2391 678 2446 324.
765 2383 929 2443 Libri
983 2379 1411 2462 ἐξεκλέψαμεν.
1513 2388 1602 2446 ld
1633 2386 1866 2449 verbum
1921 2374 2171 2467 ineptum
2238 2406 2367 2447 esse
2407 2384 2492 2447 vi-

260 2466 337 2529 dit
370 2469 639 2543 Bothius',
682 2468 778 2550 qui
820 2489 933 2529 non
976 2468 1123 2532 male
1164 2469 1422 2531 coniecit
1447 2464 1844 2551 ἔξεκοψαμεν.
1941 2472 2060 2534 Sed
2108 2471 2334 2535 videtur
2383 2471 2493 2534 hoc
2552 2537 2561 2544 ,

260 2555 523 2616 communi
579 2555 734 2617 vitae
788 2554 1009 2634 potins,
1079 2575 1245 2634 quam
1288 2557 1523 2616 dictioni
1568 2558 1829 2640 tragicae
1871 2558 2198 2620 convenire.
2297 2559 2491 2625 Quare

260 2640 600 2718 exquisitius
628 2640 858 2701 verbum
899 2659 1016 2700 una
1058 2641 1247 2700 deleta
1269 2641 1463 2701 littera
1492 2644 1739 2723 reposui.
1795 2644 2142 2723 Hesychius.
2190 2639 2488 2718 ἐξέλεψεν.

258 2721 603 2805 ἓξέγλυψεν,
646 2722 998 2796 ἔξελέπισεν.
1095 2726 1174 2785 Et
1213 2726 1335 2786 veri
1377 2726 1614 2787 similius
1658 2735 1749 2788 est
1789 2729 1926 2801 hoc,
1982 2748 2149 2807 quam
2192 2722 2491 2805 ἐξεκόψα-

256 2829 374 2885 μεν,
415 2830 453 2870 a
492 2809 696 2870 scribis
738 2811 797 2869 in
839 2806 1250 2887 ἐξεκλέψαμεν
1291 2832 1423 2871 esse
1466 2820 1757 2873 mutatum.

411 2912 482 2972 V.
529 2918 675 2973 328.
761 2911 891 2973 Ald.
938 2903 1026 2984 ὡς
1041 2904 1330 2992 χέρνιβάς
1360 2933 1426 2973 τε
1465 2912 1567 2973 καὶ
1605 2905 1819 2995 σφάγι’
1869 2907 2164 2990 ἔξέπεμπέ
2191 2933 2311 2973 σοι.
2396 2912 2488 2972 Ex

257 2992 400 3055 Flor.
449 3006 506 3057 1.
554 3004 616 3057 2.
659 2993 888 3055 allatum
931 3017 993 3057 τε
1020 2993 1330 3078 χέρνιβας.
1416 2998 1589 3058 lidem
1634 2998 1801 3058 codd.
1845 3004 1906 3057 et
1944 2997 2084 3058 Par.
2125 2998 2199 3057 A.
2239 2998 2310 3057 Β.
2339 2998 2485 3058 vict.

257 3071 472 3156 επεμπέ
516 3101 640 3141 σοι.
721 3080 1147 3143 Valckenarius
1175 3081 1261 3140 ad
1304 3084 1523 3143 Phoen.
1584 3090 1768 3145 1409.
1827 3080 1889 3155 ἐς
1927 3074 2215 3164 χέρνιβάς
2258 3104 2323 3144 τε
2383 3081 2486 3144 καὶ

257 3159 470 3271 σφάγι’
513 3161 813 3241 ἔξέπεμπέ
862 3186 981 3225 σοι.
1087 3165 1438 3227 Piersonns
1454 3167 1620 3228 Vers.
1685 3189 1742 3248 p.
1800 3173 1903 3229 65.
1960 3167 2022 3240 ἐς
2071 3160 2360 3248 χέρνιβας
2421 3186 2486 3227 τε

256 3243 485 3356 σφάγιά
503 3245 566 3311 τ’
614 3246 910 3326 ἐξέπεμπέ
941 3271 1061 3311 σοι.
1148 3250 1440 3311 Seidlerus
1474 3273 1549 3312 ex
1601 3251 1919 3352 Musgravii
1968 3253 2381 3324 emendatione,
2400 3250 2488 3323 ἐς

249 3329 522 3414 χέρνιβάς
571 3355 638 3395 τε
680 3334 782 3395 καὶ
816 3330 1063 3415 σφαγει
1119 3329 1352 3411 ε’πεμπέ
1390 3357 1513 3398 σοι.
1596 3338 1697 3397 Sic
1752 3337 1922 3397 etiam
1972 3338 2271 3396 Elmsleius
2312 3337 2384 3396 ad
2427 3356 2485 3397 v.

256 3422 385 3485 566.
469 3421 602 3480 Νοιι
657 3426 784 3480 erat
834 3419 1044 3479 idonea
1094 3440 1330 3497 caussa,
1383 3442 1486 3482 cur
1548 3414 1632 3494 ὡς
1692 3422 1749 3480 in
1808 3419 1871 3492 ἐς
1915 3428 2259 3491 mutaretur,
2314 3439 2481 3499 quum

248 3499 543 3584 χέρνιβες,
600 3505 936 3584 praesertim
990 3504 1259 3564 adiuncto
1302 3505 1404 3566 καὶ
1456 3512 1751 3588 σφαγεῒα,
1823 3510 1989 3564 recte
2041 3524 2146 3583 pro
2201 3502 2483 3563 sacrificio

255 3587 518 3650 dicantur.
649 3590 927 3649 Imitatum
992 3589 1279 3670 Euripidis
1341 3610 1564 3652 versum
1629 3608 1759 3648 esse
1823 3588 2261 3669 Lycophronem
2308 3594 2484 3669 putat

253 3670 635 3735 Bachmannus
678 3696 736 3736 v.
780 3681 924 3737 195.
967 3674 1051 3735 sic
1094 3676 1165 3734 de
1165 3675 1506 3783 Iphigenia
1546 3673 1858 3734 dicentem.

543 3758 647 3819 καὶ
668 3755 799 3865 ι..την
829 3751 1109 3842 αφαντον
1137 3752 1297 3833 ειδος
1324 3755 1741 3838 ηλλοιωμένην

541 3849 767 3924 γραῖαν
807 3845 1116 3927 σφαγείων
1144 3839 1255 3923 ἠδὲ
1281 3841 1579 3925 χερνίβων
1610 3839 1819 3916 πέλας,

254 3925 341 3987 nbi
387 3929 635 3990 dubitari
687 3936 908 4009 potest,
963 3950 1069 4003 an,
1121 3949 1290 4009 quum
1332 3950 1474 3989 non
1501 3928 1729 3989 aliunde
1784 3934 2129 4007 compertum
2180 3929 2483 3998 habeamus

253 4010 306 4072 iu
343 4034 510 4074 anum
551 4006 819 4076 mutatam
862 4035 991 4076 esse
1032 4016 1416 4097 Iphigeniam,
1460 4014 1756 4095 scripserit
1796 4014 1892 4074 ille
1931 4014 1994 4074 Γ
1989 4013 2165 4099 ραία
2210 4016 2482 4095 siquidem

249 4096 457 4159 Aulidis
499 4118 776 4178 nusquam
817 4100 1155 4161 mentionem
1199 4099 1368 4175 fecit,
1412 4100 1517 4159 sed
1559 4098 1895 4161 sacrificium
1936 4100 2072 4160 illud
2104 4101 2178 4159 ad
2204 4100 2482 4159 Poeman-

254 4181 448 4255 dnum,
501 4203 618 4264 qua
666 4183 1012 4267 Tanegram
1061 4195 1123 4246 et
1177 4187 1421 4246 Graeam
1477 4186 1896 4266 complectitur,
1959 4185 2179 4244 rettulit
2227 4206 2283 4247 v·
2339 4189 2481 4243 326.

254 4265 344 4328 nbi
378 4268 626 4332 videnda
666 4270 963 4332 adnotatio
995 4270 1363 4331 Bachmanni.
1449 4271 1618 4351 Apud
1659 4271 1913 4331 eumdem
1952 4269 2385 4373 Lycophronem
2425 4286 2483 4328 v.

258 4358 389 4416 184.
425 4351 827 4440 χερνίψαπες
845 4355 1084 4418 scholia
1124 4362 1185 4415 et
1224 4356 1589 4436 paraphrasis
1630 4356 2076 4435 interpretantur
2098 4345 2484 4434 σφαγιάσαι-

252 4455 372 4518 τις,
407 4446 473 4502 et
511 4461 573 4504 v·
620 4448 766 4506 209.
802 4436 1095 4526 χέρνιβας
1136 4447 1432 4522 exponunt
1471 4436 1723 4511 θυσίας.
