2934 4982
1547 266 1644 380 12

1280 470 1378 541 Π
1391 469 1537 540 YA
1546 471 1622 541 Α
1634 470 1703 540 Δ
1713 468 1908 541 ΗΣ.

471 600 709 705 ἔμοιγ’
730 655 757 694 ,
793 599 1109 707 Ὀρέστα
1126 628 1142 645 ·
1198 601 1318 679 σοὶ
1346 599 1452 677 δὲ
1506 598 1901 678 συνδοκεῖν
1937 632 1948 637 ·
1956 597 2227 701 χρεών.

473 728 635 804 ἀλλ’
695 725 1170 833 ἐγκυκλοῦντ’
1232 727 1647 828 ὀφθαλμὸν
1696 722 1781 802 εὗ
1834 732 2136 804 σκοπεῖν
2177 725 2446 829 χρεών.

1294 917 1358 990 Ο
1375 919 1519 988 ΡΕ
1531 920 1618 986 Σ
1633 918 1899 988 ΤΗΣ.

470 1050 600 1126 καὶ
645 1047 946 1150 βωμός,
976 1047 1243 1145 Ἕλλην
1293 1040 1385 1123 οὗ
1432 1044 1874 1138 καταστάζει
1925 1043 2160 1148 φόνος
2175 1075 2210 1137 ,·

473 1273 799 1335 versissimo
842 1270 1013 1332 animi
1054 1270 1264 1331 affectu
1296 1270 1612 1351 Apollinem
1656 1270 1950 1351 appellans
1991 1270 2131 1331 dicit
2170 1270 2519 1335 adnecteret.
2605 1273 2723 1334 Ne-

475 1378 588 1438 que
638 1378 778 1419 vero
832 1356 1165 1437 adstipulari
1219 1376 1449 1436 possum
1504 1356 1560 1416 ei
1612 1355 1825 1415 rationi
1879 1375 2047 1435 quam
2098 1356 2355 1417 Handins
2407 1357 2567 1429 iniit,
2627 1357 2724 1419 cui

474 1443 748 1522 quaedam
782 1441 966 1501 forma
993 1441 1403 1520 antistropbiea
1427 1440 1654 1500 restitui
1677 1439 1995 1513 videbatur,
2038 1440 2089 1500 si
2113 1461 2232 1500 non
2264 1448 2484 1502 mutato
2512 1443 2721 1503 ordine

472 1547 736 1590 versuum
780 1516 969 1586 Oresti
1011 1526 1395 1586 tribuerentur
1442 1527 1616 1584 baec.
1689 1527 1972 1607 θριγκοῖς
2015 1519 2077 1585 δ’
2124 1518 2238 1585 vn’
2287 1523 2501 1600 αῧτοῖς
2541 1522 2715 1589 σκῦλ’

475 1605 628 1696 ορᾷς
668 1607 981 1691 ἠρτημένα
1020 1612 1146 1672 τῶν
1184 1602 1623 1671 κατθανόντων
1662 1605 2029 1715 τᾶκροθίνια
2071 1605 2293 1686 ξένων,
2337 1614 2428 1672 eui
2468 1612 2723 1693 Pylades

475 1697 849 1777 responderet
892 1690 1020 1756 ἀλλ’
1069 1691 1456 1775 ἐγκυκλοῦντ’
1505 1691 1845 1773 οφθαλμὸν
1884 1683 1952 1754 ευ
1991 1701 2241 1757 σκοπεῖν
2272 1688 2491 1778 χρεών.
2575 1698 2723 1757 Nan

476 1782 648 1843 etiam
689 1782 741 1841 si
783 1782 1029 1860 Pylades
1071 1781 1180 1839 boe
1222 1780 1384 1851 dicit,
1427 1779 1644 1839 inutilis
1685 1780 1777 1840 hic
1819 1786 1911 1839 εει
1950 1779 2050 1839 illa
2090 1783 2406 1854 sententia,
2449 1801 2525 1842 ne
2567 1802 2723 1843 eom·-

474 1886 775 1927 memorem
830 1865 1224 1945 praecedentis
1277 1885 1479 1926 versus
1519 1865 1859 1944 scripturam
1902 1864 2100 1944 aperte
2142 1868 2446 1927 ostendere
2486 1887 2725 1947 respon-

476 1951 664 2011 dentis
708 1971 832 2010 eum
875 1970 1096 2011 versum
1140 1949 1290 2009 esse.
1374 1951 1584 2010 Verum
1624 1949 1838 2011 vidisse
1878 1949 2129 2009 arbitror
2168 1951 2348 2012 virum
2391 1951 2619 2012 doctum
2662 1953 2723 2012 in

476 2036 660 2096 Diarii
715 2034 967 2096 classici·
993 2034 1136 2095 fasc.
1190 2035 1292 2093 ΙΙΙ.
1337 2055 1395 2114 Ρ.
1438 2042 1583 2097 613.
1627 2035 1724 2113 qui
1777 2054 1943 2112 quum
1987 2034 2135 2094 dixit
2174 2055 2399 2097 versum
2440 2045 2546 2099 70.
2590 2043 2726 2117 Ροει

474 2141 531 2183 v.
573 2129 677 2184 76.
721 2121 1079 2180 inserendum
1121 2140 1287 2191 esse,
1353 2120 1616 2198 quoniam
1666 2120 1835 2178 iussit
1888 2120 2038 2198 quod
2082 2121 2249 2199 plane
2289 2120 2418 2181 fieri
2458 2141 2576 2182 non
2619 2142 2725 2203 po-

476 2213 621 2278 test,
699 2227 815 2265 non
869 2206 1036 2277 illud,
1117 2205 1225 2265 sed*
1276 2225 1379 2283 per
1429 2205 1687 2265 'errorem
1740 2204 2096 2264 commutatis
2150 2225 2414 2268 versuum
2472 2207 2726 2267 numeris

476 2290 823 2352 eontrarium
878 2290 1128 2350 scribere
1182 2289 1431 2351 voluisse
1486 2288 1857 2370 intelligitur,
1926 2306 2149 2350 versum
2191 2298 2297 2353 76.
2338 2298 2474 2391 post
2512 2312 2571 2354 v.
2616 2300 2725 2355 70.

475 2396 606 2437 esse
646 2376 1027 2436 inserendum.
1113 2375 1202 2439 Ει
1257 2378 1457 2453 aperta
1500 2380 1591 2433 est
1633 2394 1839 2434 caussa
1880 2374 2096 2433 erroris
2135 2374 2208 2434 ab
2250 2375 2489 2455 antiqno
2531 2378 2730 2438 scriba

477 2461 779 2523 commissi.
877 2461 1020 2521 Nam
1074 2479 1243 2539 quum
1301 2460 1415 2520 duo
1470 2458 1726 2519 continui
1786 2479 1990 2520 versus
2041 2461 2240 2524 eodem
2291 2462 2466 2523 verbo
2525 2457 2730 2545 χρεων

474 2545 804 2618 finirentur,
863 2546 1169 2606 secundum
1224 2564 1418 2605 eorum
1476 2544 1573 2604 ille
1614 2544 1916 2616 omiserat,
1984 2545 2082 2622 qui
2134 2553 2338 2626 postea
2390 2547 2584 2626 alieno
2636 2555 2730 2609 est

475 2631 605 2691 loeo
648 2630 916 2691 insertus.
1014 2631 1252 2690 Orestes
1290 2629 1385 2689 ubi
1429 2629 1739 2709 quaesivit,
1780 2628 2157 2691 videreturne
2196 2631 2401 2710 Pyladi
2441 2632 2730 2694 hocesse

476 2716 740 2795 templu·
792 2715 969 2787 deae,
1038 2715 1202 2775 cuius
1257 2734 1465 2774 caussa
1522 2714 1700 2795 Argis
1742 2714 1852 2773 huc
1890 2714 2212 2787 venissent,
2267 2716 2518 2795 Pylades
2561 2715 2728 2779 nebi

474 2821 630 2865 vero
674 2801 1012 2880 respondet,
1064 2800 1321 2880 tibique
1374 2819 1620 2859 mecm
1670 2803 1775 2858 ita
1825 2802 2056 2861 videri
2095 2819 2367 2861 messe
2404 2814 2536 2862 eet.
2608 2799 2737 2864 eid

476 2889 940 2965 vestigas-dmm
982 2897 1089 2946 eet
1125 2895 1461 2945 accurate.
1547 2883 1781 2944 Scilicet
1815 2884 1950 2963 quin
1988 2886 2260 2966 tamphim
2286 2886 2364 2945 sit
2394 2887 2531 2947 illud
2575 2889 2736 2967 qaod

479 2978 757 3051 quaerant
797 2991 872 3032 ne
915 2971 1174 3030 Orestem
1219 2970 1441 3048 quidem
1484 2968 1746 3029 dubitare
1788 2989 1961 3049 posse
2003 2970 2113 3029 ait.
2158 2970 2262 3030 sed
2305 2971 2378 3030 ob
2422 2972 2482 3030 id
2522 2973 2728 3053 ipsun,

479 3056 614 3133 quia
652 3055 732 3114 sit
774 3055 913 3114 illud
955 3054 1236 3133 templum,
1280 3054 1592 3133 spectanda
1634 3053 1843 3113 circum
1886 3071 2017 3113 esse
2059 3055 2267 3127 omnia,
2311 3075 2423 3135 qno
2466 3064 2529 3117 et
2571 3058 2732 3121 inve-

481 3140 643 3202 niant
683 3138 1041 3199 simulacrum
1085 3139 1226 3197 deae
1269 3146 1330 3197 et
1371 3159 1475 3211 eo,
1521 3138 1572 3197 εἰ
1613 3139 1869 3217 possint,
1913 3138 2080 3218 potiti
2123 3138 2445 3221 aufugiant.
2535 3144 2628 3202 lta
2669 3150 2734 3203 et

480 3221 858 3301 στιχομυθιά
910 3222 1262 3294 restituitur,
1319 3229 1380 3282 et
1422 3229 1579 3282 reete
1621 3223 1891 3295 Orestes,
1946 3223 2044 3284 ubi
2083 3224 2214 3288 iam
2240 3245 2461 3285 omnem
2504 3227 2615 3287 sibi
2656 3229 2732 3288 de

480 3309 611 3369 loeo
654 3307 726 3367 ab
768 3307 1030 3387 Apolline
1072 3307 1322 3366 indicato
1366 3306 1770 3367 dubitationem
1814 3315 2133 3387 exemptam
2174 3310 2360 3389 videt,
2417 3332 2521 3392 ape
2559 3312 2730 3376 sinu!

482 3400 544 3456 et
583 3399 736 3453 metu
778 3392 1035 3478 agitatus
1077 3391 1243 3452 deum
1283 3392 1605 3496 alloquitur.

651 3479 721 3539 V.
766 3487 867 3541 73.
952 3477 1117 3537 Libri
1167 3470 1550 3559 τριχώματα.
1649 3476 1942 3538 Seidlerus
1986 3480 2266 3557 probante
2308 3447 2623 3543 Scbaefero
2667 3482 2729 3543 in

482 3543 670 3625 indice
734 3566 957 3625 Graeco
1027 3562 1314 3642 Apollonii
1377 3561 1587 3622 Rhodii
1653 3584 1709 3641 p.
1776 3569 1921 3624 677.
1976 3558 2177 3645 moyn
2178 3585 2384 3642 ματα
2461 3568 2614 3647 qnod
2669 3568 2731 3628 in

483 3651 667 3727 Etym.
711 3651 790 3710 M.
785 3670 891 3750 Ρ.
940 3652 1098 3720 455,
1144 3653 1244 3710 52.
1288 3649 1519 3752 leg-atur
1558 3648 1648 3727 θρ
1748 3649 1834 3730 ᾧ,
1889 3649 1977 3730 τῷ
2031 3643 2386 3731 τροχώματι
2440 3648 2616 3752 σιαρὰ
2655 3647 2729 3714 τὸ

484 3730 733 3814 &pezan-
779 3726 812 3795 ὅ
857 3729 1223 3814 περιτρέχων
1272 3726 1574 3794 κυκλόθεν
1615 3667 1779 3792 oly
1676 3752 1745 3792 ν
1785 3727 2108 3810 στέφανος.
2190 3734 2424 3815 iniquus
2466 3737 2525 3795 in
2563 3738 2734 3798 Seid-

483 3818 662 3879 lerum
705 3827 795 3878 est
834 3819 1140 3891 Matthiae,
1199 3837 1366 3898 quum
1410 3811 1613 3877 contra
1657 3837 1823 3895 quam
1866 3817 2048 3878 critici
2090 3820 2444 3899 praecipiant
2462 3817 2734 3883 voeabu-

483 3904 598 3964 lnm
648 3904 778 3963 huic
819 3904 918 3963 uni
959 3903 1328 3984 grammatico
1369 3902 1695 3983 cognitum,
1752 3922 1863 3981 quo
1906 3903 2003 3964 ille
2044 3910 2324 3983 nmquam
2366 3908 2545 3987 vulgo
2590 3915 2732 3968 nota

485 3989 825 4067 exquisitius
869 3988 1216 4050 vocabulum
1247 3987 1526 4066 explicet,
1596 3996 1802 4065 poetae
1857 3989 2145 4048 obtrusum
2179 3990 2534 4052 criminatur.
2621 3993 2736 4052 Mi-

485 4074 634 4134 nime
678 4075 825 4134 enim
871 4073 1110 4153 vulgare
1153 4072 1290 4131 illud
1333 4071 1669 4131 vocabulum
1711 4078 1827 4147 est,
1885 4094 2171 4154 saepeque
2213 4075 2384 4135 etiam
2428 4077 2736 4156 exquisitis

486 4167 547 4220 et
589 4158 828 4240 poeticis
870 4157 1104 4216 vocibus
1147 4157 1221 4217 ad
1265 4155 1657 4234 explicandum
1701 4163 1941 4217 utuntur
1980 4161 2357 4241 grammatici.
2443 4162 2564 4221 Sed
2605 4163 2735 4224 iure

485 4251 673 4305 temen
729 4264 767 4303 a
819 4242 1103 4344 plerisque
1158 4240 1485 4300 Ruhnkenii
1539 4240 1596 4299 in
1654 4241 1819 4322 epist.
1876 4243 2003 4304 crit.
2045 4247 2121 4305 11.
2164 4267 2219 4326 Ρ.
2268 4253 2391 4308 208
2434 4249 2736 4328 proposita

486 4328 806 4390 emendatio
848 4317 1256 4408 θριγκῶματα
1300 4325 1555 4405 praelata
1597 4334 1718 4399 est,
1778 4346 1946 4406 quum
2000 4349 2175 4411 saepe
2226 4331 2446 4392 librarii
2485 4329 2737 4416 τριγχὸς

482 4421 557 4476 ει
583 4411 900 4495 τρίγχωμα
941 4411 1288 4491 scripserint.
1373 4410 1661 4470 Firmatur
1701 4414 2020 4474 emendatio
2059 4415 2162 4476 illa
2202 4436 2306 4494 eo,
2366 4419 2524 4497 quod
2560 4419 2734 4501 Pyh-

474 4499 585 4560 ὼε
628 4497 937 4580 respondet
975 4496 1257 4579 θριγκοῖς
1298 4490 1362 4558 δ’
1411 4488 1521 4556 vu'
1571 4490 1802 4570 αὖτοῖς.
