2934 4982
1493 234 1695 294 XXV!

476 419 695 496 citate
744 429 820 495 et
870 419 1550 495 convenientissime
1597 427 1901 495 naturae
1931 418 2327 511 exposuit,
2390 410 2716 511 espec-tue

475 571 629 621 rem
673 552 863 621 'esse
909 547 1037 635 iis,
1090 547 1214 641 qni
1263 554 1429 642 post
1479 568 1682 634 eum,
1735 546 2083 640 qnoniam
2133 543 2559 637 planissima
2607 553 2716 617 at-

475 695 617 768 que
664 675 941 766 optima
986 673 1131 746 sihi
1175 684 1560 766 praerepta
1609 672 1978 760 videbant,
2027 672 2265 745 miuus
2311 669 2726 762 probabilia

474 782 905 892 excogitare
966 802 1437 892 cogebantur.
1557 798 1749 871 Hinc
1815 799 2031 871 etiam
2083 820 2270 891 quae
2318 804 2724 891 sequ-nau·

478 927 671 999 dnae
741 949 1043 1011 noeane,
1144 922 1317 998 [ieet
1381 925 1592 996 dietis
1656 926 2173 1019 sententiisque
2256 922 2722 995 aemaamee
2881 892 2882 967 ῖ

477 1051 646 1139 sint,
704 1053 803 1124 ad
852 1073 1143 1124 cursum
1195 1051 1504 1123 actionis
1554 1073 1701 1124 non
1749 1053 2051 1123 multum
2101 1052 2520 1149 conferunt,
2584 1048 2724 1123 sed

476 1178 941 1249 necessariae
993 1185 1162 1249 sunt
1210 1187 1507 1270 propter
1549 1156 2001 1271 praegressa.
2118 1174 2310 1251 Nam
2359 1175 2436 1247 in
2484 1174 2724 1268 priam

478 1325 730 1375 earnm
792 1303 1315 1396 expergiscens
1377 1326 1475 1375 ex
1524 1303 1746 1377 ani-i
1795 1304 2112 1398 deliquio
2165 1298 2474 1376 Orestes
2523 1303 2723 1392 apud

479 1429 758 1503 inferos
808 1428 971 1500 esse
1021 1429 1162 1503 sibi
1212 1429 1503 1503 videtur
1516 1477 1538 1516 ‚
1618 1430 1694 1500 in
1758 1430 1992 1501 altera
2042 1437 2283 1501 autem
2335 1428 2720 1501 liberatum

480 1579 564 1628 se
614 1577 662 1627 a
711 1555 953 1626 Furiis
1006 1577 1172 1627 esse
1221 1556 1541 1626 sentiens
1588 1577 1735 1626 non
1788 1556 2117 1649 agnoscit
2165 1575 2532 1641 sororem,
2584 1554 2722 1627 ned

479 1689 563 1753 nt
613 1681 707 1754 de
756 1681 1005 1773 agnita
1056 1679 1203 1755 iam
1251 1680 1590 1773 loquitur.

681 1804 772 1878 ln
837 1805 1073 1899 quarti
1124 1814 1332 1877 actus
1403 1806 1608 1878 initio
1674 1804 1895 1878 anxie
1956 1804 2341 1879 sollicitam
2390 1805 2724 1878 videmus

479 1931 938 2026 Iphigeniam
974 1932 1072 2003 de
1121 1942 1320 2003 sorte
1371 1929 1662 2005 Orestis
1706 1939 1782 2005 et
1819 1931 2126 2025 Pyladis
2173 1933 2434 2027 suique
2482 1932 2724 2007 cnius-

483 2059 652 2131 dam
702 2058 1061 2130 mendacii
1110 2059 1555 2130 conscientia
1606 2060 1991 2131 turhatam.
2043 2059 2134 2131 Id
2182 2081 2398 2130 secus
2441 2059 2726 2131 factum

484 2194 620 2272 est,
663 2208 882 2280 qnam
933 2184 1270 2277 antiquus
1304 2193 1523 2279 poeta
1570 2187 1903 2258 facturus
1952 2195 2130 2257 erat.
2182 2184 2261 2257 Is
2291 2182 2744 2271 curavisset.

483 2321 566 2384 nt
627 2320 755 2384 ant
804 2311 1075 2399 scirent
1143 2309 1290 2382 iam
1355 2319 1809 2404 spectatores
1876 2319 2003 2383 ant
2066 2333 2259 2382 nnnc
2328 2331 2724 2404 cognosce·

483 2446 648 2512 rent
711 2437 885 2531 quid
943 2437 1140 2524 istud
1209 2447 1406 2512 esset
1453 2437 1837 2511 mendacii.
1952 2435 2145 2511 Nam
2196 2437 2415 2509 etiam
2463 2436 2530 2510 si
2578 2457 2727 2510 non

485 2566 763 2640 diceret
839 2563 1223 2657 Iphigenia
1292 2564 1464 2658 qnid
1531 2587 1708 2637 mox
1783 2564 2059 2657 fingere
2123 2564 2380 2651 vellet,
2480 2571 2728 2642 ,tamen

485 2698 913 2786 suggestum
978 2690 1250 2784 aliquid
1301 2690 1451 2762 doli
1502 2690 1643 2762 sibi
1710 2713 1757 2762 a
1820 2689 2107 2784 Pylade
2168 2713 2335 2764 esse
2401 2689 2726 2764 indicare

485 2819 821 2892 debehat.
875 2815 1086 2891 Nunc
1135 2817 1213 2890 id
1259 2818 1553 2889 demam
1602 2839 1699 2888 ex
1750 2816 1910 2889 eius
1959 2840 2123 2888 cnm
2152 2816 2450 2889 Arcade
2498 2815 2724 2886 collo-

485 2945 658 3040 qnio
707 2945 1257 3037 cognoscimus,
1309 2943 1427 3014 cui
1479 2942 1774 3029 eadem,
1825 2966 2015 3036 quae
2068 2944 2262 3035 apud
2302 2941 2728 3033 Euripidem

467 3048 581 3143 de
625 3072 1001 3163 purgando
1043 3070 1118 3141 in
1164 3069 1345 3140 mari
1387 3069 1776 3142 simulacro
1804 3067 2094 3142 Dianae
2127 3068 2448 3160 exponit.
2531 3067 2725 3140 lund

486 3219 672 3269 vero
738 3195 1108 3288 aptissime
1176 3175 1615 3283 institutum,
1693 3203 1776 3268 ut
1837 3195 2078 3268 Areas
2126 3196 2387 3266 iterum
2435 3193 2727 3287 Iphige-

488 3324 685 3397 niam
755 3330 831 3394 et
895 3323 987 3393 de
1039 3321 1402 3392 connubio
1469 3344 1634 3392 cum
1669 3320 2013 3394 Thoante
2079 3329 2154 3394 et
2203 3322 2296 3392 de
2346 3318 2730 3392 clementia

490 3459 712 3546 atque
776 3449 1259 3535 humanitate,
1345 3468 1492 3540 qua
1555 3448 1680 3519 ille
1742 3470 2030 3538 semper
2091 3468 2267 3539 erga
2334 3468 2498 3518 eam
2546 3466 2728 3518 usus

487 3579 619 3664 sit,
673 3579 1082 3648 admoneat.
1201 3572 1375 3653 Quo
1424 3572 1588 3661 illa,
1656 3595 1874 3667 qunm
1926 3574 2102 3645 abiit
2148 3573 2427 3660 Arena,
2491 3570 2728 3664 magis

490 3703 782 3794 angitur
842 3702 995 3774 doli
1060 3723 1276 3795 quem
1340 3707 1552 3793 parat
1613 3699 2075 3793 turpitudine.
2189 3697 2412 3772 Venit
2459 3697 2726 3772 deinde

489 3824 814 3919 Pylades
830 3875 854 3913 ‚
924 3827 1045 3896 cui
1093 3827 1425 3916 ablaturo
1477 3834 1828 3916 statuam,
1910 3824 2340 3919 rogantique
2400 3847 2495 3895 nn
2544 3846 2730 3896 nnn·

489 3952 794 4027 ciaverit
871 3950 1032 4044 regi
1110 3955 1309 4043 qnod
1383 3954 1789 4046 ⁶suasisset,
1882 3953 2254 4026 haesitans
2315 3950 2730 4044 Iphigenia,

487 4080 757 4154 fecisse
822 4100 905 4149 se
978 4076 1053 4147 id
1116 4077 1407 4170 quidem
1471 4081 1896 4169 respondet,
1974 4082 2107 4152 sed
2159 4078 2730 4171 exspectandum

491 4229 659 4279 esse
707 4225 1138 4295 responsum
1186 4204 1425 4297 regis,
1472 4204 1891 4298 priusquam
1940 4228 2153 4278 sacra
2200 4227 2388 4298 quae
2436 4203 2733 4274 finxerit

488 4340 951 4427 peragantur.
1004 4326 1245 4402 Aucta
1283 4330 1388 4403 ita
1411 4332 1524 4402 rei
1549 4332 1973 4404 difficultate
1997 4331 2173 4426 qnid
2200 4352 2418 4424 porro
2451 4329 2732 4406 facien-

490 4460 663 4532 dnm
709 4459 811 4533 sit.
853 4458 1070 4531 docet
1117 4455 1438 4550 Pylades
1451 4507 1475 4547 ‚
1547 4443 2127 4551 dubitantemque
2193 4462 2269 4530 et
2331 4455 2728 4551 ancipitem
