2934 4982
1492 184 1593 257 24

628 380 832 484 ἱερὸν
878 382 921 425 *¹
969 383 1011 425 ²*
1063 382 1246 481 ὄμμ’
1307 381 1549 486 αὐγᾶς

288 539 413 598 190
429 508 664 594 ἅλιος·
720 511 973 593 ἄλλαις
1023 507 1098 584 δ’
1159 510 1346 584 ἄλλα
1395 507 1726 608 προςὲβα

418 636 742 738 χρυσέας
792 634 1019 734 ἀρνὸς
1065 632 1476 735 μελάθροις
1531 630 1797 724 ὀδύνα,

629 758 864 863 φόνος
910 761 1028 836 ἐπὶ
1077 758 1332 862 φόνῳ,
1376 755 1570 859 ἄχεά
1618 760 1687 834 τ’
1748 761 2030 857 ἄχεσιν,
2319 818 2343 835 -.
2439 771 2673 865 πρ.γ’.

428 1070 530 1129 λεν
573 1062 726 1147 ὄμμ’
787 1062 981 1148 αὖγᾶς
1007 1060 1233 1141 Ἅλιος.
1332 1068 1411 1126 At
1464 1086 1602 1129 vero
1658 1085 1827 1145 quum
1887 1063 1956 1126 δὲ
1998 1086 2180 1128 novae
2220 1068 2542 1129 sententiae
2583 1067 2673 1128 in-

429 1153 608 1213 dicem
665 1160 901 1213 teneant
953 1153 1116 1225 libri,
1191 1160 1445 1231 praestat
1486 1152 1720 1231 Pelopis
1764 1171 1941 1231 equos
1984 1152 2253 1234 intelligi,
2319 1174 2434 1213 non
2479 1160 2674 1213 tamen

429 1245 717 1299 certantes
769 1257 894 1299 cum
949 1237 1269 1309 Oenomao,
1339 1238 1442 1297 sed
1497 1257 1663 1317 quum
1718 1235 1778 1295 iu
1822 1257 1977 1296 mare
2018 1237 2415 1318 praecipitavit
2451 1238 2674 1319 Pelops

427 1323 754 1403 Myrtilum:
795 1324 868 1383 de
908 1341 1021 1402 qua
1061 1341 1126 1382 re
1167 1321 1424 1382 similiter
1464 1321 1524 1381 in
1568 1321 1774 1380 Oreste
1813 1340 1868 1383 v.
1914 1327 2058 1384 989.

676 1454 683 1459 .
734 1404 1001 1469 ποτανὸν
1038 1403 1161 1486 μὲν
1191 1405 1432 1487 δίωγμα
1474 1399 1695 1466 πώλων

733 1484 1266 1575 τεθριπποβάμονι
1311 1484 1512 1573 στόλῳ

734 1574 967 1655 Πέλοψ
1008 1569 1189 1638 ὁπότε
1230 1568 1511 1656 πελάγεσι
1554 1573 1680 1635 διε-

735 1659 1053 1744 δίφρευσε,
1097 1659 1427 1742 Μυρτίλου
1472 1651 1664 1742 φόνον

735 1741 922 1807 δικὼν
961 1743 1024 1817 ἐς
1067 1737 1253 1823 οἶδμα
1295 1738 1540 1820 πόντου,

734 1823 1174 1907 λευκοκύμοσιν

622 1922 632 1929 “
737 1911 892 1998 πρὸς
933 1910 1321 1996 Γεραιστίαις
1406 1954 1414 1969 ,

734 1996 997 2060 ποντίων
1043 1989 1250 2060 σάλων

734 2077 912 2167 ᾐόσιν
953 2075 1364 2167 ἁρματεύσας.

430 2167 522 2229 De
573 2167 711 2229 Sole
764 2176 995 2249 propter
1047 2188 1279 2229 aureum
1333 2167 1571 2239 arietem
1622 2172 1777 2226 retro
1835 2186 2056 2228 cursum
2098 2166 2365 2230 flectente
2424 2167 2578 2233 infra
2618 2195 2674 2237 v.

434 2258 581 2316 805.
647 2254 875 2335 scripsit
928 2252 1228 2332 Euripides
1289 2259 1350 2313 et
1388 2253 1449 2312 in
1496 2252 1702 2312 Oreste
1741 2252 2000 2314 versibus
2050 2273 2222 2334 supra
2265 2256 2469 2332 allatis,
2513 2266 2576 2321 et
2615 2260 2674 2320 in

429 2337 661 2400 Electra
701 2361 755 2401 v.
800 2347 925 2411 986
969 2342 1125 2418 seqq.
2661 2354 2680 2373 ·

607 2448 751 2503 190.
837 2438 1002 2500 Libri
1044 2433 1272 2511 ἄλλοις.
1358 2436 1622 2498 Seidlero
1666 2436 1924 2497 debetur·
1946 2432 2180 2514 ἄλλαις.

605 2548 748 2602 192.
831 2541 994 2601 Libri
1048 2534 1221 2619 dixeno
1255 2532 1479 2617 ἄχεσιν.
1549 2538 1901 2600 'Emendavit
1955 2541 2284 2624 Barnesius.
2371 2546 2674 2608 Caeterum

433 2626 568 2705 quin
620 2625 941 2686 trochaicus
999 2624 1076 2683 sit
1126 2625 1217 2684 bic
1259 2644 1458 2685 versus
1506 2624 1751 2683 dubitari
1794 2646 2029 2703 prorsus
2073 2648 2185 2686 non
2229 2636 2439 2708 potest.
2528 2634 2670 2693 Nam

435 2711 586 2791 quod
641 2713 714 2772 G.
771 2708 1065 2772 Dindorfio
1124 2710 1196 2769 ad
1251 2709 1542 2787 Aristopb.
1595 2709 1704 2769 Av.
1761 2719 1903 2770 333.
1967 2711 2026 2769 in
2079 2711 2331 2775 editione
2386 2736 2440 2775 a.
2490 2726 2674 2779 1830.

433 2796 494 2856 in
536 2804 776 2857 mentem
818 2795 995 2867 venit,
1041 2815 1169 2855 esse
1210 2795 1315 2852 bos
1358 2799 1627 2873 quattuor
1660 2792 1988 2872 imperfecta
2021 2817 2284 2857 mensura
2316 2812 2674 2880 anapaestos,

433 2880 495 2940 id
555 2881 831 2941 eiusmodi
886 2888 1036 2952 est,·
1072 2888 1166 2951 ut,
1236 2879 1286 2938 si
1343 2879 1489 2951 tales
1550 2896 1812 2937 numeros
1864 2879 1971 2939 sibi
2027 2900 2284 2960 umquam
2340 2884 2678 2947 indulserint

435 2972 643 3046 poetae
659 2965 697 3037 ,’
746 2966 901 3025 nulla
942 2964 1012 3028 iis
1054 2983 1171 3024 non
1214 2963 1290 3022 sit
1331 2962 1697 3022 concedenda
1741 2982 2096 3024 numerorum
2139 2971 2200 3026 et
2241 2969 2407 3028 metri
2449 2992 2676 3049 perver-

436 3050 598 3110 sitas.
683 3050 899 3109 Nititur
939 3048 1072 3108 ista⁸
1095 3047 1286 3126 opinio
1332 3047 1551 3106 duobus
1595 3047 1898 3107 manifesto
1942 3050 2228 3130 corruptis
2269 3053 2412 3113 iocis
2458 3057 2677 3116 Aristo-

437 3134 671 3214 phanis,
727 3134 857 3205 ino,
902 3134 974 3192 ad
1018 3152 1180 3211 quem
1225 3133 1365 3190 baec
1408 3131 1704 3192 adnotavit
1748 3132 2107 3206 Dindorfius‚
2152 3136 2209 3194 in
2256 3157 2367 3217 quo
2411 3147 2677 3200 antistro-

437 3218 587 3300 pbici
639 3238 866 3289 versus,
942 3217 1037 3297 qui
1081 3236 1156 3276 ex
1200 3215 1513 3295 purissimis
1563 3215 1710 3275 facti·
1759 3225 1892 3277 sunt
1945 3221 2284 3297 paeonibus,
2356 3226 2677 3288 mendosam

439 3324 569 3365 esse
610 3303 880 3362 librorum
922 3302 1257 3381 scripturam
1301 3300 1591 3371 evincunt,
1639 3308 1697 3359 et
1738 3303 1920 3362 altero
1964 3304 2021 3361 in
2064 3305 2410 3384 Lysistrata,
2455 3309 2528 3368 de
2571 3331 2677 3389 quo

437 3410 555 3449 non
613 3387 996 3470 probabiliora
1047 3384 1286 3467 protulit
1339 3382 1669 3444 Dindorfius
1722 3385 1795 3444 ad
1847 3408 1900 3448 v.
1948 3395 2092 3450 262.
2135 3390 2233 3451 ubi
2274 3392 2400 3471 quis
2443 3394 2678 3456 obsecro

438 3475 660 3535 dubitat
699 3476 804 3534 bos
845 3472 1017 3533 fateri
1059 3469 1515 3553 elegantissimos
1558 3489 1687 3529 esse
1728 3469 2025 3532 iambicos:

743 3552 901 3620 κάτα
941 3554 1056 3636 μὲν
1097 3551 1270 3637 ἅγιον
1311 3549 1464 3633 ἔχειν
1503 3549 1749 3636 βρέτας,

743 3637 902 3704 κάτα
945 3639 1013 3703 δ’
1064 3635 1398 3725 ἀκρόπολιν
1439 3636 1595 3718 ἐμὰν
1636 3639 1884 3718 λαβεῖνθ

441 3727 770 3807 Sequuntur
812 3748 914 3786 eos
956 3728 1014 3787 bi
1056 3746 1288 3789 versus:
1456 3775 1461 3779 .
1518 3777 1522 3781 .

744 3813 1000 3889 μοχλοῖς
1041 3808 1111 3871 δὲ
1151 3810 1251 3871 καὶ
1301 3803 1671 3891 κλῄθροισιν

745 3890 826 3954 τὰ
868 3891 1223 3977 προπύλαια
1265 3896 1560 3954 πακτοῦν.

443 3980 561 4042 Sed
615 3986 676 4040 et
714 3980 913 4038 borum
954 3978 1290 4056 scripturam
1335 3998 1529 4056 parum
1572 3984 1784 4038 certam
1826 3998 1984 4052 esse,
2051 3987 2113 4041 et
2165 3982 2349 4063 magis
2392 3985 2567 4047 etiam
2604 3987 2683 4049 la.

439 4067 648 4128 borare
689 4063 1127 4143 antistropbicos
1169 4061 1296 4120 iibri
1340 4068 1609 4142 arguunt.
1694 4063 1743 4121 li
1784 4064 1961 4145 vulgo
2004 4064 2089 4125 sic
2129 4067 2434 4149 leguntur:

747 4142 938 4232 ᾤχετο
979 4143 1053 4207 θ’
1103 4140 1282 4206 ὥπλα
1324 4141 1648 4226 παραδοὺς
1688 4144 1843 4224 ἐμοί,

747 4226 1009 4316 σμικρὸν
1049 4225 1202 4310 ἔχων
1243 4222 1403 4290 πάνυ
1444 4224 1771 4337 τριβώνιον

750 4320 968 4391 πινῶν,
1015 4310 1254 4400 ῥυπῶν,
1299 4309 1736 4397 ἅπαρατιλτος,

745 4397 815 4478 ἓξ
855 4402 1007 4466 ἐτῶν
1048 4396 1326 4473 ἄλουτος.
