2934 4982
1469 228 1648 285 11ss

445 415 767 489 cessaria
829 427 1025 489 esset
1085 415 1204 488 dei
1270 411 1700 487 interventio
1715 456 1740 499 ,
1815 409 2184 502 sapienter
2245 411 2463 500 poeta
2524 424 2700 474 rem·

446 544 554 615 sie
617 542 956 630 instituit,
1049 547 1133 613 ut
1195 562 1292 613 eo
1370 541 1536 633 ipso
1610 544 2016 621 momento,
2108 554 2254 626 qno
2323 550 2693 604 summum
2807 616 2814 623 ·

336 766 341 777 .
445 668 892 765 fugientibus
955 666 1354 760 perieulum
1414 664 1776 751 imminet,
1882 659 2223 734 Minerva
2300 660 2394 729 de
2475 655 2694 729 eaelo

448 795 733 881 veniat,
867 794 1268 886 reprimens
1346 793 1610 864 iustam
1701 790 1884 861 iram
1974 785 2374 872 Thoantis,
2461 801 2477 811 ·
2498 783 2696 865 fata-

453 943 594 1013 que
645 940 1017 1012 exponens
1067 920 1353 1013 signum
1402 917 1690 1003 Dianae
1753 917 1828 985 in
1881 909 2269 987 Graeciam
2321 906 2699 1002 deportari
2752 924 2758 929 ’

453 1047 811 1131 volentia,
890 1027 1338 1139 poscensque
1403 1054 1488 1116 ut
1547 1051 1621 1114 et
1685 1039 1990 1114 Orestes
2042 1048 2258 1132 atque
2305 1035 2701 1129 Iphigenia

456 1179 533 1243 et
579 1179 745 1264 post
794 1193 922 1242 eos
972 1172 1304 1266 captivae
1354 1147 1694 1243 mulieres
1744 1168 2044 1245 illaesae
2096 1166 2172 1264 in
2222 1164 2529 1258 patriam
2563 1183 2698 1232 ϊο-

454 1306 850 1370 vertantur.
953 1296 1082 1378 Sie
1131 1319 1364 1390 neque
1414 1318 1462 1368 a
1512 1294 1898 1381 Thoante,
1950 1279 2110 1363 viro
2160 1290 2281 1384 pio
2333 1310 2470 1361 nee
2520 1288 2700 1360 deo·

455 1447 618 1497 rum
681 1424 1126 1496 irreverente
1139 1472 1164 1513 ,
1249 1424 1641 1516 quidquam
1704 1419 2196 1512 impedimenti
2245 1416 2699 1510 relinquitur,

458 1573 695 1645 neque
758 1551 1086 1638 illorum,
1171 1549 1298 1643 qui
1347 1548 1727 1619 oraculum
1776 1546 2143 1638 Apollinis
2192 1545 2700 1640 impleverunt,

460 1686 590 1749 aut
633 1679 929 1748 fortuna
962 1676 1243 1748 ineerta
1283 1680 1549 1761 manet,
1604 1680 1732 1743 aut
1768 1672 2071 1743 fallacia
2111 1671 2493 1742 coniuncta
2536 1688 2707 1739 esse

462 1825 630 1875 enm
692 1800 998 1895 perfidia
1061 1808 1280 1896 atque
1347 1800 1719 1891 impietate
1789 1799 2095 1871 videtur.
2155 1828 2164 1835 “
2227 1795 2393 1870 Deo
2459 1803 2707 1867 autem

320 2027 322 2029 ‚
464 1951 687 2024 quum
730 1948 922 2021 opus
971 1933 1189 2015 esset,
1240 1927 1381 1998 etsi
1430 1947 1607 2018 prae
1658 1925 1993 1996 omnibns
2034 1925 2156 1997 vel
2179 1922 2446 2009 Diana,
2498 1922 2708 1994 euius

467 2075 682 2127 saera
733 2053 809 2124 in
863 2039 1258 2128 Graeciam
1305 2054 1907 2140 transferrentur,
1949 2052 2083 2124 -vel
2131 2051 2408 2143 Apollo
2424 2100 2448 2138 ,
2497 2048 2708 2121 'euius

467 2181 670 2252 iussa
733 2187 979 2252 statua
1042 2188 1241 2252 esset
1286 2181 1567 2267 ablata,
1648 2178 1726 2250 in
1778 2186 2088 2251 mentem
2137 2178 2406 2249 venire:
2439 2182 2716 2269 poetae-

470 2310 866 2394 debebant,
959 2313 1201 2378 tamen
1251 2307 1376 2376 ille
1425 2303 1841 2378 Minervam
1903 2305 2279 2398 praetulit,
2361 2310 2444 2375 ut
2495 2304 2709 2374 deam

471 2435 860 2506 tutelarem
908 2431 1397 2519 Athenarum,
1464 2452 1770 2525 quarum
1820 2433 1897 2503 in
1948 2432 2221 2504 ditione
2270 2430 2455 2503 situs
2513 2436 2713 2501 esset

443 2562 680 2631 *locus
735 2561 897 2647 ille,
950 2559 1072 2651 qui
1123 2565 1550 2650 recepturus
1601 2566 1816 2632 esset.
1843 2559 2130 2653 signum
2171 2556 2710 2655 Dianae‘Tau·

374 2779 379 2788 Ι
472 2686 707 2759 ricae.
826 2685 1050 2763 Quod
1114 2685 1257 2757 nisi
1319 2686 1395 2756 in
1462 2707 1719 2777 agrum
1768 2685 2291 2758 Atheniensem
2340 2680 2715 2756 transferri

426 2893 429 2904 ,
476 2812 766 2906 signum
817 2812 1002 2884 illud
1054 2810 1532 2903 oportuisset,
1587 2831 1734 2882 non
1786 2820 1956 2903 apte
2003 2812 2552 2883 introduxisset<
2574 2807 2712 2882 Mi·

373 2973 380 2979 ·
475 2960 815 3011 nervam:
917 2960 1111 3009 nune
1192 2939 1356 3008 loeo
1433 2937 1564 3010 illo
1641 2939 2249 3031 opportunitatem
2326 2940 2714 3030 praebente

476 3064 960 3157 praeferenda
991 3064 1301 3135 caeteris
1350 3072 1510 3135 erat
1560 3087 1654 3134 ea
1701 3066 1865 3152 dea,
1917 3086 2134 3158 quam
2183 3072 2266 3137 ut
2313 3086 2494 3136 suae
2547 3063 2717 3136 eivi-

478 3189 649 3261 tatis
698 3189 1109 3282 praesidem
1159 3189 1651 3262 Athenienses
1700 3192 2059 3264 colebant.
2129 3175 2132 3180 ’

684 3315 934 3387 Aliam
1004 3315 1198 3386 viam
1264 3316 1637 3409 ingressus
1703 3325 1817 3390 est
1882 3313 2272 3391 GoethiuS.
2393 3313 2476 3388 Is
2538 3309 2718 3387 haee

482 3444 629 3514 duo
692 3439 984 3514 videtur
1046 3443 1417 3535 proposita
1481 3442 1827 3516 habuisse
1840 3494 1864 3532 ,
1961 3451 2045 3515 ut
2108 3442 2720 3535 exspectationem

479 3589 711 3661 usque
777 3571 876 3641 ad
938 3569 1156 3641 finem
1191 3568 1491 3641 fabulae
1533 3569 2003 3641 vehementer
2040 3591 2467 3662 suspensam
2530 3576 2719 3639 tene-

484 3700 639 3781 ret,
723 3695 1013 3788 vigente
1081 3696 1303 3784 etiam
1365 3696 1440 3766 in
1506 3704 1874 3789 postrema
1938 3702 2143 3788 parte
2204 3672 2408 3767 motu
2458 3696 2721 3768 animo·

485 3840 690 3911 rum3
778 3827 852 3890 et
913 3829 998 3892 ut
1058 3843 1388 3893 summae
1450 3822 1746 3894 virtutis
1810 3824 2148 3915 exempla
2197 3823 2273 3894 in
2321 3822 2724 3895 hominihus

487 3967 679 4017 sexu
692 3994 716 4032 ,
799 3953 1077 4033 aetate,
1158 3969 1462 4018 munere
1534 3947 1851 4021 diversis
1929 3950 2329 4022 exhiberet.
2474 3943 2726 4041 Itaque

494 4093 715 4166 quum
730 4121 753 4158 ,
832 4078 916 4143 ιιι
946 4093 1190 4163 supra
1254 4071 1526 4143 dietum
1592 4079 1738 4162 est,
1816 4074 2059 4148 Areas
2072 4124 2097 4165 ,
2179 4076 2599 4149 administer
2657 4080 2730 4144 et

495 4198 771 4272 amiens
841 4186 1245 4288 Thoantis,
1339 4198 1459 4268 vir
1526 4200 1775 4292 gravis
1841 4209 1916 4271 et
1981 4205 2300 4296 prudens
2316 4250 2339 4287 ,
2434 4219 2726 4274 monens

493 4323 955 4415 Iphigeniam
1019 4332 1103 4395 ιιι
1166 4325 1606 4397 connubium
1655 4328 1925 4418 petenti
1974 4329 2139 4421 regi
2189 4330 2476 4399 tandem
2528 4330 2728 4399 ohse-
2835 4333 2841 4340 ’

493 4456 790 4541 quatur,
870 4451 1239 4544 repulsam
1306 4453 1626 4540 tulisset,
1713 4476 1851 4524 rex
1898 4454 2058 4546 ipse
2108 4454 2234 4524 ubi
2284 4455 2547 4545 petitor
2593 4473 2730 4548 qua
2763 4489 2771 4500 =

1306 4840 1321 4848 Δ
1332 4829 1407 4862 »hrt
1418 4835 1425 4841 ¹
