2934 4982
1267 250 1480 311 xxix

235 437 857 529 interpretationis
953 460 1098 531 qua
1169 423 1472 511 mirifice
1547 441 1689 512 hoe
1769 442 2110 514 ποθὶ-α’
2175 444 2486 515 delecta·-

232 574 396 651 ωε,
447 564 664 655 plane
713 563 1094 635 videamur
1142 564 1584 658 neglexisse.
1690 566 2188 662 Quamquam,
2255 577 2336 640 ut
2381 570 2485 641 di-

238 713 406 762 cam
454 692 645 781 quod
697 691 971 777 sentio,
1027 692 1124 761 ad
1173 688 1545 782 Euripidis
1595 693 1922 764 fabulam
1972 704 2174 765 recte
2225 694 2485 768 intelli·-

240 818 551 909 gendam
600 836 747 886 non
799 828 982 906 opus
1008 817 1326 888 .videtur
1361 819 1636 911 quaeri,
1692 841 1907 912 quam
1959 820 2309 912 originem
2360 822 2487 893 illa

236 945 331 1015 de
383 941 772 1035 Iphigenia
820 945 1022 1037 apud,
1062 940 1360 1014 Tauros
1408 945 1611 1016 fama
1675 944 1978 1032 habeat,
2058 948 2512 1037 praesertim.

227 1070 462 1163 'quum
526 1090 619 1138 ne
687 1068 1149 1158 proficiamus
1201 1069 1492 1162 quidem
1544 1072 1844 1145 multum
1893 1095 1988 1143 ea
2038 1076 2481 1167 quaerendo,

232 1186 427 1290 quae
490 1194 798 1264 inveniri
861 1217 1079 1285 posse
1142 1193 1339 1266 haud
1404 1196 2018 1269 valde‘credibile
2070 1197 2185 1271 sit.
2287 1200 2481 1271 Atti-

238 1335 505 1414 gerunt
549 1320 730 1391 haec
778 1321 1005 1406 multi,
1058 1342 1243 1413 quos
1292 1323 1722 1392 memoravit
1770 1323 2133 1396 Baehrius
2184 1327 2278 1397 ad
2328 1326 2479 1399 He·

155 1492 161 1499 ·
240 1449 582 1519 rodotum
627 1445 764 1546 IV.
820 1446 995 1519 103.
1049 1445 1579 1537 praetermissis
1627 1454 1894 1535 tamen,
1946 1470 2133 1541 quae
2184 1452 2278 1520 ab
2327 1451 2477 1522 Lo·

244 1574 506 1644 bockio
568 1573 661 1643 ad
728 1571 916 1642 hanc
977 1594 1133 1643 rem
1195 1571 1626 1664 pertinentia
1687 1573 1765 1643 in
1826 1573 2341 1668 Aglaophamo
2405 1599 2473 1669 p.

234 1698 412 1772 500.
464 1699 639 1770 628.
693 1705 766 1768 et
814 1697 1205 1790 praecipue
1255 1719 1325 1789 p.
1381 1696 1603 1772 1214.
1657 1707 1827 1771 sunt
1874 1701 2119 1772 allata.
2224 1700 2480 1796 Nuper

232 1827 464 1899 multa
527 1847 716 1918 quae
780 1825 873 1895 ad
944 1822 1134 1893 hanc
1196 1845 1355 1894 rem
1415 1824 1774 1916 pertinent
1837 1827 2159 1919 profudit
2219 1828 2307 1901 F.
2374 1828 2473 1903 Gr.

230 1951 843 2023 Schneidewinus
922 1951 996 2019 in
1076 1951 1585 2022 dissertatione
1664 1954 1759 2023 de
1831 1951 2102 2024 Diana·
2138 1951 2474 2027 Phaceli-

233 2078 388 2148 tide
439 2083 515 2147 et
564 2073 827 2149 Oreste
878 2077 1071 2167 apud
1122 2073 1501 2168 Rheginos
1553 2083 1628 2148 et
1675 2075 1993 2164 Siculos,
2045 2078 2240 2150 edita
2292 2076 2473 2153 Got-

234 2207 484 2296 tingae
544 2226 617 2272 a.
692 2203 914 2274 1832.
963 2252 969 2265 .
1053 2197 1604 2274 consideratius
1672 2225 1889 2298 quam
1960 2203 2087 2272 alii
2148 2205 2472 2298 plerique

234 2329 321 2402 G.
375 2327 469 2402 0.
521 2327 876 2399 Mulierus
927 2326 1003 2397 in
1048 2323 1512 2399 Orchomeno
1563 2349 1633 2419 p.
1687 2302 1860 2402 310.
1913 2350 2106 2422 seqq.
2209 2329 2473 2403 Lemni

232 2455 652 2550 quaerenda
714 2461 963 2528 censet
1026 2454 1345 2526 fabulae*
1382 2454 1579 2528 illius
1649 2453 2079 2547 primordia,
2146 2457 2274 2529 ubi
2339 2457 2469 2531 hu·
2581 2539 2588 2548 ,

229 2604 489 2680 manas
552 2582 882 2652 victimas
946 2576 1170 2650 Marti
1233 2581 1625 2675 antiquitus
1685 2582 2093 2655 immolatas
2157 2608 2321 2656 esse
2373 2609 2472 2660 ex

228 2708 621 2800 Fulgentio
672 2707 745 2777 in
810 2707 1328 2777 nefrendes
1378 2729 1608 2779 sues
1672 2731 1745 2799 p.
1796 2710 1972 2781 770.
2027 2717 2113 2782 et.
2149 2711 2470 2804 virgine·

233 2833 677 2905 sacrificatas
729 2855 1038 2924 magnae
1092 2833 1273 2902 deae
1311 2854 1409 2902 ex
1441 2832 1819 2925 Stephano
1835 2834 2262 2925 'Byzantino
2296 2859 2467 2908 con·

233 2966 403 3031 stet.
499 2958 785 3062 Vereor
834 2968 1076 3029 tamen
1127 2980 1219 3028 ne
1268 2954 1628 3030 Mullerus
1679 2982 1967 3053 quoque
2016 2961 2470 3057 mythologo-

228 3107 398 3160 rum
445 3108 644 3156 more
693 3085 1003 3171 finxerit,
1058 3106 1245 3177 quae
1287 3106 1433 3154 non
1462 3085 1779 3177 fuerunt,
1835 3084 2187 3159 Tauriam
2220 3093 2469 3163 nescio

227 3235 470 3307 quam,
500 3234 690 3305 quae
722 3211 817 3281 sit
844 3210 1190 3304 Lemnus,
1225 3207 1682 3303 Taurosque,
1710 3215 2054 3305 populum
2081 3213 2468 3288 Lemnien-

229 3362 385 3412 sem
401 3388 424 3425 ‚
510 3359 816 3431 quorum
865 3359 1003 3407 rex
1054 3334 1310 3406 Thoas
1334 3337 1605 3410 fuerit.
1732 3338 1947 3417 Quae
1997 3341 2121 3410 ille
2172 3342 2467 3433 collegit

228 3489 365 3539 ex·-
393 3486 524 3551 eo,
604 3461 831 3556 quod.
867 3460 1203 3554 Hyginus
1265 3463 1436 3555 fal).¹
1484 3461 1657 3536 XV.
1713 3463 2164 3551 Thoantem,
2199 3505 2200 3508 =
2249 3488 2464 3557 quem

226 3592 381 3663 filia
448 3589 875 3681 Hypsipyle
919 3588 996 3657 in
1062 3610 1328 3659 navem
1397 3567 1858 3679 imposuerit,
1941 3590 2031 3657 in'
2062 3586 2469 3664 Tauricam

228 3722 656 3807 tempestate
719 3713 1041 3784 delatum
1107 3713 1417 3807 scripsit.
1538 3711 1739 3790 Quin
1802 3711 2145 3785 Dissenio
2213 3716 2290 3788 in
2342 3742 2468 3792 ex.

224 3842 618 3937 plicatione
665 3837 970 3912 Pindari
1021 3838 1283 3909 lsthm.
1318 3836 1454 3909 IV.
1487 3858 1555 3928 p.
1591 3837 1763 3911 511.
1793 3862 1946 3933 seq.
1990 3842 2103 3913 ed.
2132 3840 2466 3924 Boeckh.

223 3967 593 4064 persuasit
636 3964 1081 4058 Welckerus
1101 4014 1123 4051 ,
1201 3962 1584 4036 Lemniam
1649 3965 1862 4037 deam
1926 3969 2253 4042 eamdem
2303 3993 2471 4042 esse

223 4119 392 4168 cnm
423 4092 621 4165 Thia
671 4100 744 4161 et
798 4089 1100 4181 Chryse.
1154 4087 1319 4161 Non
1375 4091 1667 4162 invideo
1722 4095 2203 4165 credentibus.
2258 4096 2469 4166 Anti·

225 4222 597 4317 quissima,
627 4219 835 4288 cuius
863 4216 1284 4288 memoriam
1314 4218 1755 4308 accepimus,
1779 4239 2154 4294 sacrorum
2184 4221 2466 4290 illorum

220 4350 441 4422 sedes
491 4347 831 4446 Brauron
881 4340 1179 4411 Atticae
1231 4342 1520 4414 videtur
1579 4344 1811 4436 fuisse
1829 4393 1851 4428 ,
1888 4353 2273 4436 'sacraque
2307 4344 2469 4436 ipsa

216 4441 639 4576 Pelasgica.
724 4466 1027 4559 Pelasgi
1077 4466 1268 4536 enim
1283 4515 1306 4553 ,
1359 4476 1440 4537 ut
1490 4469 1717 4538 refert
1764 4477 2053 4557 praeter
2105 4467 2294 4544 alios
2339 4493 2465 4544 tu·
