2934 4982
1171 268 1188 287 .
1289 227 1390 304 93

215 423 410 504 κᾶτα
458 425 545 504 δὲ
594 421 843 526 δάκρυ
894 423 1191 523 ἄδακρυ
1204 481 1232 516 ,
1296 422 1490 501 κάτα
1543 425 1626 504 δὲ
1674 425 1851 533 γόος
1899 427 2060 527 ἅμα
2102 437 2308 531 χαρᾷ
2476 449 2603 506 820

215 553 301 630 τὸ
354 553 492 633 σὸν
540 552 811 645 νοτίζει
861 550 1286 652 βλέφαρον,
1340 550 1691 640 ὥςαύτως
1739 554 1815 632 δ’
1875 552 2079 649 ἐμόν.

939 740 1626 848 [ΦΙΓΕΝΕΙΑ.

410 939 576 1018 τότε
629 965 751 1033 σε,
802 935 958 1015 τότ’
1009 940 1126 1048 ἔτι
1173 939 1458 1039 βρέφος
1509 943 1760 1020 ἔλιπον
1809 939 2168 1046 ἀγκάλαι-

412 1093 485 1144 σι
535 1068 810 1167 νεαρὸν
858 1073 1187 1166 τροφοῦ,
1252 1066 1528 1165 νεαρὸν
1575 1074 1660 1146 ἐν
1708 1066 1994 1166 δόμοις,

208 1190 269 1271 ὦ
319 1193 689 1296 κρείσσον’
745 1193 796 1292 ἢ
848 1191 1179 1297 λόγοισιν
1223 1190 1566 1293 ,εὐτυχῶν
1612 1192 1875 1294 τύχαν.
1968 1276 1969 1279 ,

404 1319 481 1397 τί
531 1328 696 1422 φῶς
746 1320 1172 1418 θαυμάτων
2434 1350 2591 1411 325

273 1499 316 1527 .-
397 1448 592 1549 ’πέρα
641 1448 768 1524 καὶ
817 1447 1045 1555 λόγου
1095 1446 1354 1553 πρόσω
1404 1447 1576 1526 τάδ’
1635 1447 1887 1549 ἐπέβα.

343 1772 442 1832 V.
486 1781 629 1835 820.
715 1773 844 1834 Ald.
888 1770 1047 1835 κατὰ
1090 1771 1158 1836 δὲ
1199 1766 1457 1857 δάκρυα,
1516 1765 1775 1877 δάκρυα,
1820 1769 1978 1834 κατὰ
2019 1769 2087 1834 δὲ
2127 1765 2270 1857 γόος
2311 1770 2461 1856 ἅμα·

195 1858 389 1943 χαρᾷ.
471 1858 610 1918 Par.
663 1858 733 1918 A.
777 1858 847 1918 Β.
891 1859 1047 1919 Flor.
1114 1869 1171 1921 1.
1218 1868 1277 1922 2.
1333 1861 1572 1919 alterum
1628 1851 1866 1939 δάκρυα
1919 1858 2213 1933 omittunt,
2284 1869 2345 1923 et
2385 1862 2444 1925 iu

202 1942 339 2002 Par.
363 1942 434 2001 A.
459 1942 528 2002 Β.
557 1944 705 2022 quod
732 1943 961 2015 liabent,
989 1937 1225 2049 δάκρυ,
1268 1945 1540 2025 scriptum
1564 1951 1654 2002 est
1676 1963 1797 2002 cum
1830 1945 2176 2024 apostropha
2204 1939 2439 2028 δάκρυ’.

202 2027 341 2086 Inde
381 2027 749 2109 Musgravius
792 2021 1009 2110 δάκρυ’
1059 2022 1363 2110 ἅδάκρυα.
1466 2027 1818 2087 Trimetrum
1861 2048 1989 2087 esse
2030 2029 2180 2089 lrunc
2219 2051 2443 2092 versum

198 2120 357 2171 recte
410 2112 626 2171 monuit
668 2112 991 2172 Seidlerus:
1063 2113 1168 2173 sed
1225 2133 1358 2172 non
1383 2120 1574 2193 potest
1615 2112 1710 2172 ille
1754 2112 2083 2192 bisyllabam
2136 2116 2441 2176 anacrusin

198 2197 424 2256 habere.
511 2197 705 2262 Quare
746 2192 942 2278 δάκρυ
985 2191 1226 2280 α’ὁακρυ
1269 2198 1489 2278 scripsi.

365 2314 435 2373 V.
481 2322 623 2376 822.
720 2315 849 2374 Ald.
892 2309 964 2375 τό
1008 2311 1081 2375 δέ
1127 2336 1186 2376 τι
1238 2311 1475 2397 βρέφος
1528 2309 1737 2376 ἔλιπον
1788 2306 2101 2392 ἇγκάλαις.
2198 2315 2440 2381 Barnea.

194 2391 327 2459 τόδ’
377 2394 484 2459 ἔτι.
571 2400 787 2459 Deerat
808 2420 1180 2507 pronomen,
1234 2420 1416 2505 neque
1458 2401 1689 2482 integer
1731 2407 1856 2459 erat
1898 2399 2216 2461 dochmius.
2262 2421 2439 2484 quare

194 2483 396 2565 scripsi
437 2476 573 2545 τότε
616 2506 712 2560 σε,
755 2478 886 2546 τότ’
937 2481 1045 2547 ἔτι.
1121 2478 1471 2566 Ἀγκάλαισι
1514 2485 1700 2545 Paris.
1743 2485 1814 2544 A.
1858 2483 1926 2545 Β.
1973 2484 2120 2547 Vict.

365 2602 434 2662 V.
481 2610 625 2663 824.
709 2604 839 2663 Ald.

496 2691 547 2763 ὦ
588 2710 893 2808 κρεῖσσον,
920 2699 977 2806 ,ἢ
1021 2697 1289 2787 λόγοισιν
1330 2700 1602 2783 εὐτυχῶν
1644 2702 1820 2782 ἓμου.

494 2784 703 2867 ψυχὰ,
747 2788 812 2850 τί
850 2792 989 2873 φῶ,-

188 2887 1297 2988 Par.C.Vict.·1pv7c,1.Elmsleius
1350 2892 1425 2951 ad
1478 2889 1632 2949 Med.
1689 2896 1834 2950 823.
1888 2894 2006 2949 not.
2063 2902 2111 2950 t.
2165 2886 2436 2970 εὐτυχῶν

187 2967 369 3071 ψυχὰ
413 2973 685 3075 coniungi
730 2994 898 3076 posse
943 2976 1194 3054 putabat.
1284 2976 1434 3034 ldem
1479 2994 1619 3035 vero
1664 2974 1721 3034 in
1757 2974 2128 3036 adnotatione
2156 2978 2243 3037 ad
2287 2978 2435 3058 lphi-

184 3057 416 3155 genium
451 3054 722 3136 εὐτυχῶν
762 3054 940 3158 τύχαι
983 3060 1286 3162 legendum
1331 3059 1689 3131 coniiciebat,
1734 3066 1798 3118 ut
1831 3054 2103 3138 εὐτυχῶν
2144 3082 2258 3121 non
2303 3084 2434 3142 par-

185 3140 471 3221 ticipium,
526 3143 628 3201 sed
671 3144 961 3247 genitivus
1004 3145 1075 3204 ab
1131 3139 1397 3220 εὐτυχεῖς
1440 3152 1614 3203 esset.
1712 3143 1800 3202 Ad
1847 3146 2103 3205 Bacchas
2147 3154 2334 3206 autem
2379 3168 2434 3209 v.

189 3233 376 3286 1181.
420 3227 648 3306 scripsit
689 3224 957 3331 εὐτυχῶν
997 3221 1174 3306 τύχα.
1253 3224 1443 3304 Ἔμοῦ
1500 3249 1613 3287 ιιοιι
1666 3226 1958 3288 ferendum
2002 3250 2131 3290 esse
2176 3239 2430 3311 apertum

184 3319 303 3381 est,
376 3312 508 3389 quia
561 3330 684 3370 cum
740 3306 970 3391 2670101
1015 3312 1402 3384 coniunctum,
1470 3333 1581 3392 quo
1635 3314 1760 3372 solo
1806 3333 1931 3372 cuni
1973 3316 2250 3374 vocabulo
2294 3336 2431 3375 con-

181 3394 349 3476 iungi
393 3401 601 3473 potest,
648 3416 753 3456 nec
795 3405 951 3456 recte
994 3405 1055 3456 et
1095 3398 1365 3478 languide
1409 3397 1615 3455 dictum
1660 3404 1841 3456 esset:
1899 3398 2314 3501 disputavitque
2357 3401 2429 3459 de

182 3498 255 3537 eo
298 3479 593 3539 Matthiae.
680 3480 856 3540 Uncis
899 3481 1249 3540 incluserunt
1292 3480 1600 3551 [findor-fii,
1657 3489 1888 3560 recepto
1933 3483 2183 3541 Elmsleii
2226 3478 2426 3589 τύχαι.

180 3564 390 3622 Mirum
442 3583 579 3624 vero
637 3584 750 3623 non
806 3566 1015 3626 vidisse
1069 3567 1298 3625 criticos
1352 3566 1706 3625 scribendum
1763 3584 1893 3625 esse
1934 3554 1984 3624 ὦ
2026 3565 2336 3647 κρείσσον’
2385 3563 2424 3647 ἢ

179 3641 467 3747 λόγοισιν
508 3644 775 3727 εὐτυχῶν
828 3644 1049 3728 τύχαν,
1135 3651 1395 3729 quodque
1465 3650 1743 3708 adiectum
1807 3650 2020 3731 legitur
2083 3650 2234 3728 ἐμοῦ
2292 3652 2427 3713 nihil

181 3752 313 3791 csse
359 3731 469 3792 uisi
512 3734 932 3794 adnotationem
978 3735 1336 3814 interpretiS,
1379 3753 1493 3811 qua
1527 3733 1911 3812 explicaretur
1954 3736 2103 3815 quod
2149 3737 2242 3796 ille
2283 3737 2426 3798 scri-

141 3829 154 3838 *
179 3823 337 3897 ptum
379 3818 598 3877 invenit
637 3811 836 3896 ψυχά.
937 3819 1222 3878 Cohaeret
1263 3825 1447 3877 autem
1493 3818 1583 3876 hio
1627 3839 1824 3879 versus
1869 3839 1990 3878 cum
2035 3822 2426 3900 praecedenti-

180 3900 316 3972 bus,
388 3911 656 3981 recteque
718 3901 776 3961 in
840 3902 1046 3961 Aldina
1100 3905 1284 3962 minor
1341 3904 1720 3982 interpunctio
1785 3905 1972 3984 posita
2025 3915 2115 3964 est
2170 3914 2300 3989 post
2361 3906 2426 3969 ἐν

180 3979 429 4064 δόμοις,
477 4007 620 4059 non,
664 3993 729 4045 ut
771 3987 1085 4046 editoribus
1128 3994 1330 4067 postea
1384 3988 1626 4066 placuit,
1681 3988 1867 4068 plena.
1967 3990 2423 4071 Antistroplnico-

177 4090 303 4130 rum
360 4090 597 4131 suorum
643 4092 849 4132 caussa
895 4073 1044 4132 hunc
1087 4073 1394 4132 trimetrum
1438 4073 1731 4132 Seidlerus
1773 4083 1973 4133 contra
2016 4076 2188 4134 libros
2233 4075 2422 4135 Oresti

179 4155 398 4216 tribuit.

349 4273 420 4333 V.
466 4281 613 4336 826.
698 4274 861 4334 Libri
917 4270 1129 4352 ἐπίβα.
1227 4271 1497 4338 Rciskius
1552 4269 1784 4352 ἅπὲβα,
1865 4277 2014 4356 quod
2069 4276 2420 4337 recentiores

175 4366 534 4439 receperunt.
626 4359 750 4419 Non
796 4360 1024 4418 multum
1070 4377 1141 4417 co
1185 4356 1409 4418 confert
1451 4359 1588 4417 illud
1633 4359 1688 4417 in
1734 4358 1848 4418 fine
1874 4362 2090 4439 aliquot
2133 4361 2419 4440 Euripidis

176 4445 635 4526 trsgnuliarnm,
689 4437 921 4505 τοιόνδ’
969 4439 1169 4520 ἀπέβη
1211 4436 1352 4503 τόδε
1394 4445 1670 4523 πρᾶγμα.
1769 4443 1910 4502 Nam
1952 4445 2007 4503 id
2052 4445 2123 4503 de
2167 4465 2237 4502 oo
2281 4445 2419 4505 dici-
