2934 4982
1259 210 1471 267 xxm

233 392 589 467 decorum
640 399 800 463 erat
848 391 1198 485 dignitate
1249 395 1488 484 venit,
1554 397 1804 488 urgeri
1853 419 1937 468 se
1986 395 2242 469 videns
2279 394 2480 490 Iphi-

134 617 144 629 ·
231 518 458 611 genia
472 566 496 604 ‚
570 518 878 609 primum
941 541 1209 611 genere
1258 541 1395 592 suo
1447 523 1838 612 aperiendo
1892 524 2260 594 deterrere
2313 545 2482 595 eum

232 650 581 721 conatur:
655 645 852 736 quod
901 644 1030 715 ubi
1076 647 1351 718 frustra
1402 669 1567 719 esse
1619 649 1852 736 videt,
1918 650 2142 720 vitam
2192 646 2486 721 Dianae

206 770 553 852 dicatam
617 770 1046 861 praetendit.
1180 771 1379 845 Tum
1442 795 1580 845 rex
1644 795 1865 866 aegre
1927 776 2176 847 ferens
2238 775 2477 867 repul·

183 926 188 930 ·
230 915 395 969 sam
410 942 437 982 ,
523 894 657 967 filii
716 879 790 967 in
854 897 1044 968 bello
1109 896 1476 971 interitum
1526 900 2038 972 intermissioni
2086 900 2476 972 sacrificio-

230 1042 423 1108 rum»,
478 1020 738 1114 quibus
763 1020 1188 1115 Iphigeniae
1241 1023 1651 1097 humanitas
1694 1026 2074 1114 obstiterit,
2126 1026 2471 1113 tribuens,

236 1146 427 1219 duos
479 1147 806 1238 captivos
858 1149 1245 1220 missurum
1294 1172 1375 1221 se
1427 1132 1636 1239 dicit,
1690 1174 1873 1251 quos
1926 1153 2215 1246 antiquo
2268 1174 2474 1223 more

238 1271 546 1353 mamati
568 1272 835 1369 iubeat.
907 1273 1309 1368 Postquam
1338 1276 1517 1346 abiit
1556 1299 1716 1365 reX,
1768 1250 2149 1371 Iphigenia
2199 1278 2470 1349 eximio

243 1397 563 1469 carmine
611 1411 772 1473 orat
820 1399 1165 1489 Dianam,
1216 1407 1298 1471 ut
1334 1402 1439 1474 ab
1490 1424 1574 1474 se
1623 1410 1908 1473 avertat
1954 1403 2280 1478 homines
2315 1405 2470 1474 ‹im-

240 1530 563 1611 melandi
586 1528 1124 1601 necessitatem:
1179 1527 1584 1601 cuiusmodi
1621 1529 1765 1599 alia
1799 1546 2096 1621 quoque*
2123 1529 2468 1616 carmina,

238 1656 501 1749 quibus
526 1666 825 1750 quartus
853 1661 1060 1729 aetus
1087 1653 1334 1746 incipit
1361 1662 1435 1726 et
1460 1654 1726 1742 finitur,
1776 1655 2006 1726 instar
2023 1677 2274 1726 eorum
2299 1663 2472 1726 sunt

236 1783 702 1870 canticorum,
754 1803 941 1875 quae
992 1779 1067 1851 in
1119 1775 1410 1851 Graeca
1459 1782 1837 1874 tragoedia
1887 1781 2152 1852 chorus
2203 1780 2415 1854 canit.

416 1906 530 1981 ,In
580 1908 903 1981 secundo
954 1912 1123 1976 actu
1170 1906 1529 1997 prodeunt
1579 1907 1656 1977 in
1704 1930 1999 1979 scenam
2040 1904 2342 1980 Orestes
2395 1916 2468 1981 et

236 2031 583 2125 Pylades,
633 2056 806 2120 non,
858 2041 939 2103 ut
968 2033 1162 2122 apud
1193 2031 1638 2123 Euripidem,
1689 2042 1973 2103 statuae
2024 2035 2468 2105 auferendae

238 2160 846 2251 opportunitatem
881 2156 1561 2249 circumspicientes,
1613 2158 1745 2228 sed
1776 2154 2076 2229 Orestes
2103 2160 2194 2230 de
2232 2158 2470 2230 salute

235 2287 672 2377 desperans,
748 2283 1068 2377 Pylades
1130 2306 1277 2354 non
1343 2283 1692 2355 abiiciens
1759 2306 2000 2375 spem,
2083 2306 2172 2354 ac
2224 2283 2468 2375 potius

231 2411 359 2483 vel
422 2411 833 2485 audendum
898 2410 1166 2504 aliquid
1232 2410 1353 2482 vel
1419 2410 1587 2481 dolo
1656 2411 2067 2480 tentandum
2136 2432 2466 2481 censens.

230 2536 444 2609 Haec
492 2561 712 2610 scena
760 2538 899 2609 etsi
947 2560 1092 2608 non
1144 2538 1442 2608 multum
1496 2543 1894 2629 promovet,
1947 2545 2188 2610 tamen
2217 2538 2468 2607 inven-

231 2663 433 2736 tione
494 2677 569 2736 et
627 2664 1000 2736 sententiis
1048 2665 1425 2755 praeclara
1478 2672 1623 2750 est,
1692 2664 2122 2756 egregieque
2174 2663 2466 2757 ingenia

235 2796 315 2859 et
376 2811 615 2862 mores
679 2791 1053 2884 utriusque
1129 2790 1413 2860 iuvenis
1484 2791 1826 2861 declarat.
1957 2788 2155 2860 Illud
2221 2799 2466 2859 tamen

232 2937 384 2986 non
446 2916 661 2987 video
728 2917 1089 3010 quomodo
1158 2916 1451 2988 defendi
1513 2915 1781 3007 possit,
1876 2917 2070 3008 quod
2132 2915 2464 2986 homines

234 3040 525 3132 captivi,
580 3065 833 3114 manus
877 3043 1149 3114 catenis
1199 3042 1444 3128 vincti,
1499 3042 1656 3113 sine
1708 3042 2127 3113 custodibus
2178 3042 2465 3129 adsunt,

233 3141 678 3261 liberamque
741 3169 1078 3240 veniendi
1143 3169 1597 3268 abeundique
1676 3173 2107 3260 potestatem
2174 3167 2466 3239 habent.

232 3292 696 3366 Adveniente
762 3293 1145 3387 Iphigenia
1195 3296 1543 3365 secedere
1592 3292 1914 3385 Pylades
1968 3291 2304 3366 Orestem
2355 3295 2463 3364 iu-

232 3422 383 3492 bet.
484 3418 835 3511 Pyladem
886 3420 1169 3517 eatenis
1208 3420 1469 3491 liberat
1508 3420 1914 3513 Iphigenia,
1967 3420 2284 3490 sentiens
2333 3440 2462 3509 po-

232 3546 558 3638 pularem
609 3570 819 3620 suum
871 3568 1068 3619 esse:
1139 3546 1596 3638 vicissimque
1647 3546 1805 3632 ille,
1874 3540 2206 3614 Graecae
2256 3546 2464 3616 vocis

234 3694 422 3744 sono
487 3679 778 3765 praeter
840 3673 1252 3765 opinionem
1303 3672 1637 3764 gavisus,
1717 3668 2029 3762 quaerit,
2108 3692 2294 3762 quae
2344 3674 2459 3744 sit.

234 3796 439 3870 satis
489 3798 619 3870 illa
666 3820 829 3872 esse
880 3800 1161 3872 dicente
1175 3849 1197 3886 ,
1274 3796 1341 3868 si
1404 3796 1856 3894 sacerdotem
1919 3818 2082 3868 esse
2133 3800 2461 3893 accipiat,

229 3923 472 4014 ipsum
536 3924 934 3997 edisserere
999 3925 1158 4018 quis
1223 3929 1297 3995 et
1345 3923 1538 3995 unde
1590 3921 1971 4016 sociusque
2024 3925 2181 3998 eius
2230 3948 2461 3997 vene-‘-

228 4049 379 4122 rint
427 4050 648 4122 iubet.
746 4050 885 4123 Ille
937 4048 1324 4124 Cretense-s
1376 4071 1540 4122 esse
1589 4051 1850 4135 refert,
1900 4046 2200 4135 Adrasti
2247 4048 2458 4135 filios,

224 4197 313 4248 se
339 4173 768 4268 Cephalum,
797 4180 998 4250 illum
1028 4179 1626 4264 Leodamantem,
1677 4198 1891 4270 quem
1937 4177 2164 4247 fratre
2217 4175 2458 4245 occiso

226 4302 686 4376 a‘Furiamm
712 4304 1389 4398 persequutionibus
1417 4303 1737 4398 requiem
1776 4304 1850 4371 in
1879 4303 2141 4393 templo
2173 4298 2459 4369 Dianae

222 4429 683 4504 inventurum
703 4430 978 4523 Apollo
1028 4430 1121 4503 sit
1169 4431 1623 4514 vaticinatus.
1686 4428 1966 4519 Aperte
2014 4426 2087 4495 in
2139 4425 2255 4495 his
2305 4424 2460 4498 Ho-
