2934 4982
1447 266 1706 321 xxvm
1797 254 1805 261 ¹

459 452 855 531 fortissimo
878 483 899 495 ··
918 450 1358 542 Scytharum
1423 449 2056 540 comprobaturum
2122 448 2309 521 dixit
2369 467 2464 517 ea
2518 442 2694 538 lesse

460 588 578 666 ιιι,
675 578 741 654 si
803 578 1085 665 vincat,
1168 579 1658 670 abrogentur
1696 575 2071 667 hospitum*
2136 573 2695 659 immolauones,

459 726 740 799 rexque
818 705 976 796 ipse
1051 726 1217 777 cum
1284 725 1376 777 eo
1443 703 1918 783 dimicaturus
1983 710 2132 789 cst,
2224 722 2498 793 pacare
2561 721 2704 770 eos

461 838 770 907 conatur
831 831 1114 924 utrique
1162 837 1493 903 metuens
1544 827 1964 921 Iphigenia:
2043 828 2176 900 sed
2224 851 2398 914 rex,
2477 825 2700 897 etiam

459 956 525 1028 si
572 957 697 1029 ille
746 978 968 1029 verus
1019 952 1324 1028 Orestes
1374 955 1505 1042 sit,
1585 962 1829 1027 tamen
1893 955 2113 1029 armis
2163 952 2697 1043 decernendum

458 1082 863 1169 contendit,
955 1081 1126 1174 quia
1160 1154 1169 1161 ,
1205 1070 1671 1153 simulacrum
1751 1083 1934 1153 deae
2012 1080 2290 1172 rapturi
2365 1079 2702 1151 venerint

457 1207 803 1300 hospites.
869 1273 878 1282 .
923 1205 1122 1279 Tum
1185 1229 1365 1278 vero
1414 1206 1636 1278 solvit
1681 1208 1957 1279 nodum
2009 1203 2349 1293 Orestes,
2434 1202 2699 1277 intelli·
2811 1286 2814 1287 ᾗ

459 1357 639 1428 gens
689 1335 836 1405 iam
888 1339 1199 1405 mentem
1252 1317 1568 1419 oraculi,
1623 1334 1813 1426 quod
1866 1354 2191 1407 sororem
2239 1354 2389 1402 non
2414 1330 2700 1422 Apolli·

457 1461 571 1533 nis
621 1460 755 1531 sed
808 1455 1093 1533 Orestis
1144 1430 1411 1533 abduci
1461 1460 1790 1531 iusserit:
1865 1459 2108 1552 itaque
2161 1465 2474 1531 statuam
2526 1456 2700 1527 mis·

457 1609 615 1661 sam
662 1586 943 1657 faciens
993 1586 1155 1657 sola
1204 1608 1366 1655 cum
1397 1584 1779 1676 Iphigenia
1828 1592 1908 1655 ut
1958 1585 2099 1657 sibi
2150 1557 2444 1655 donnum
2493 1583 2701 1655 abire

456 1712 670 1797 liceat
712 1712 1073 1803 postulat,
1142 1719 1540 1801 oranteque
1589 1710 1805 1781 simul
1853 1710 2016 1801 ipsa
2065 1731 2353 1802 quoque
2403 1708 2701 1803 Iphige-

434 1830 580 1907 ”nia
659 1859 797 1906 rex
862 1834 1114 1906 abite
1192 1836 1487 1928 igitur
1551 1835 1804 1928 inquit.
1908 1835 2179 1914 'Quem
2258 1858 2479 1927 aegre
2561 1858 2702 1911 nec

455 1964 614 2035 sine
679 1961 1175 2054 indignatione
1241 1960 1652 2032 consentire
1717 1961 1978 2035 videns
2042 1961 2428 2054 Iphigenia
2480 1962 2699 2033 enixe

463 2095 624 2163 orat
685 2095 769 2161 ut
826 2111 910 2160 se
972 2111 1122 2159 non
1169 2077 1456 2159 inimica
1506 2095 1746 2161 mente
1798 2088 2127 2163 dimittat.
2179 2142 2182 2147 -
2234 2085 2522 2161 Cedens
2573 2088 2701 2159 ille

459 2216 796 2308 precibus
860 2216 1168 2287 valete
1235 2214 1429 2287 dicit.
1549 2213 1642 2284 In
1705 2214 1850 2285 hac
1900 2237 2164 2302 scena,
2246 2236 2432 2307 quae
2483 2215 2704 2305 plena

459 2352 698 2421 motus
752 2349 896 2430 est,
971 2341 1464 2434 dictorumque
1517 2340 1890 2433 *gravitate
1937 2348 2029 2423 ‚et
2092 2340 2483 2415 luminibus
2535 2360 2700 2411 sen·

419 2469 844 2542 *tentiarum
912 2468 1247 2561 egregia,
1349 2476 1592 2540 tamen
1653 2468 1832 2539 illud
1884 2474 2322 2560 postremum
2388 2467 2700 2539 valete

457 2596 927 2674 vehementer
972 2595 1201 2668 laedit
1249 2593 1564 2666 animum
1612 2594 1995 2681 audientis,
2049 2595 2244 2686 quod
2294 2616 2430 2667 nec
2464 2591 2704 2666 Grae·-

458 2745 591 2795 oee
641 2721 1065 2815 tragoediae
1116 2720 1642 2809 consuetudini,
1694 2743 1928 2812 neque
1981 2720 2273 2791 omnino
2325 2721 2472 2814 legi
2521 2699 2734 2792 artis

457 2839 789 2942 poeticae
840 2846 1234 2920 convenit..
1303 2847 1560 2919 Finem
1615 2848 1804 2917 enim
1856 2846 2211 2938 poematis
2261 2848 2477 2917 talem
2533 2869 2702 2920 esse

459 2975 820 3060 eonvenit,
873 2974 1301 3064 praesertim
1334 2974 1408 3043 in
1444 2974 1857 3065 tragoedia,
1910 2980 1990 3043 ut
2041 2974 2441 3064 composito
2493 2982 2698 3044 motu

457 3101 868 3194 requiescat
930 3099 1214 3186 animus
1233 3148 1259 3186 ,
1330 3122 1470 3170 nec
1537 3100 1893 3172 violenter
1954 3122 2294 3191 repressa
2343 3098 2694 3171 reticean-

458 3237 604 3317 tur,
658 3248 849 3320 quae
885 3226 1122 3317 eloqui
1177 3233 1464 3316 poetam
1518 3228 1918 3317 oportebat.
1973 3225 2220 3304 (luae
2272 3225 2393 3295 ille
2444 3225 2510 3296 si
2550 3239 2698 3298 n'on

458 3354 855 3447 eloquitur,
934 3351 1111 3445 quid
1174 3351 1371 3422 aliud
1425 3373 1641 3444 quam
1692 3340 2187 3443 imperfectam
2240 3352 2576 3443 relinquit
2625 3359 2700 3422 et

455 3481 598 3554 fine
651 3479 1066 3552 destitutam
1115 3475 1609 3572 tragoediam?
1678 3473 2013 3551 Graecus
2053 3485 2274 3569 poeta
2323 3501 2472 3548 non
2515 3478 2693 3548 illud

460 3630 682 3699 aegre
748 3613 1112 3681 extortum
1191 3605 1500 3676 valete
1578 3605 1980 3696 posuisset,
2066 3604 2213 3676 'sed
2280 3603 2695 3678 Thoantem

456 3733 756 3804 fecisset
804 3733 954 3820 sic,
1008 3739 1088 3803 ut
1140 3732 1382 3804 virum
1433 3731 1967 3826 magnanimum
2018 3733 2357 3819 decebat,
2423 3731 2697 3822 aliquot

455 3857 793 3930 versibus
845 3857 1226 3945 dicentem,
1277 3881 1385 3945 se,
1440 3857 1771 3951 quamvis
1819 3858 2091 3929 invitus
2142 3859 2449 3930 dimittat
2496 3856 2712 3948 Iphi-⁴

458 3983 785 4077 genium,
840 3990 1116 4066 tamen,
1168 3984 1343 4055 fatis
1395 3984 1843 4076 deorumque
1887 3986 2242 4056 voluntati
2292 3986 2717 4082 cedentem,

456 4110 668 4181 bonis
719 4130 884 4179 cum
934 4108 1125 4179 votis
1177 4116 1252 4180 et
1298 4108 1532 4200 ipsam
1585 4117 1658 4179 et
1708 4132 1921 4205 quem
1962 4112 2364 4184 invenisset
2393 4112 2700 4186 fratrem

457 4239 747 4310 domum
798 4235 1049 4306 iubere
1098 4242 1496 4307 revertere.

657 4362 1041 4455 Reliquum
1096 4370 1244 4450 est,
1300 4368 1407 4434 ·ut
1458 4362 1676 4434 etiam
1727 4365 1803 4434 in
1854 4364 2347 4459 mythologiae
2395 4364 2698 4436 nebulo-

458 4511 593 4562 sats·x
643 4489 982 4583 regiones
1048 4490 1370 4581 paullum
1437 4491 1967 4583 exspatiemur,
2034 4514 2142 4568 ne,
2176 4488 2365 4577 hanc
2415 4498 2697 4582 partem
