2934 4982
1441 173 1698 225 xxxv!
1779 251 1784 255 ²

647 379 652 385 ·
758 346 965 425 τάων
1013 348 1108 446 ἢν
1155 349 1225 426 κ’
1286 350 1580 445 ἐθέλῃσι
1632 350 1857 450 φίλην
1907 346 2281 427 ἀνάεδνον
2321 350 2626 454 ἀγέσθω

757 448 940 545 πρὸς
990 449 1196 526 οἷκον
1254 457 1574 549 Πηλῆος.
2313 526 2320 531 .

457 573 718 661 Falsus
771 581 882 643 est
946 573 1132 643 enim
1184 572 1300 644 Io.
1359 571 1778 645 Vincentius
1828 572 2164 644 IVestrik
2214 575 2289 643 in
2341 574 2682 644 disserta-

458 692 652 761 tione
718 692 809 760 de
876 690 1237 781 Aeschyli·
1289 688 1744 783 Choephoris
1808 694 2037 784 deque
2102 691 2394 764 Electra
2463 714 2683 785 quum

457 807 845 900 Sophoclis
897 817 1045 879 tum
1097 808 1462 901 Euripidis
1516 833 1582 900 p.
1614 810 1738 881 41.
1778 833 1928 903 seq.
1980 833 2196 904 quum
2251 810 2685 882 mentionem

457 916 881 1018 Iphigeniae
945 927 1215 997 nullam
1284 928 1475 1018 apud
1541 926 1940 1000 Homerum
2008 928 2311 998 inveniri
2376 927 2681 1018 putavit.

453 1042 642 1116 Nam
707 1043 1138 1136 Iphianassa
1204 1044 1327 1114 illa
1392 1068 1535 1114 non
1603 1045 1894 1116 diversa
1957 1056 2069 1117 est
2118 1047 2209 1116 ab
2262 1044 2673 1136 Iphigenia,

456 1185 673 1256 quam
724 1162 940 1234 etiam
982 1161 1367 1235 Lucretius
1418 1160 1482 1233 Ι.
1535 1163 1658 1234 86.
1713 1161 2215 1253 Iphianassam
2267 1163 2678 1254 appellavit.

453 1279 815 1350 Distincta
880 1288 990 1351 est
1051 1278 1431 1371 Iphigenia
1498 1281 1590 1350 ab
1643 1280 2070 1372 Iphianassa
2122 1282 2193 1351 in
2247 1280 2676 1351 carminibus

458 1397 781 1490 Cypriis,
860 1421 956 1468 ex
1006 1399 1264 1491 quibus
1316 1397 1440 1468 illa
1505 1399 1594 1468 de
1645 1398 2030 1470 Aulidensi
2082 1399 2432 1470 sacrificio
2479 1400 2683 1469 fama

454 1517 743 1589 videtur
793 1516 1237 1587 dimanasse:
1317 1523 1804 1609 sequutusque
1871 1526 1981 1588 est
2031 1513 2458 1609 Cypriorum
2506 1515 2683 1587 scri·

454 1647 734 1727 ptorem
786 1631 1195 1725 Sophocles
1248 1633 1320 1702 in
1371 1632 1663 1703 Electra
1717 1631 1885 1706 157.

760 1746 879 1820 οῗα
930 1742 1417 1843 Χρυσόθεμις
1470 1742 1633 1836 ζώει
1683 1745 1810 1821 καὶ
1845 1742 2307 1845 Ἰφιάνασσα.
2627 1846 2630 1849 .

456 1868 601 1943 Ubi
630 1866 1093 1939 scholiastes:
1146 1860 1512 1960 ἢὈμήρῳ
1544 1864 1949 1938 ἀκολουθεῖ
1981 1863 2292 1963 εἰρηκότι
2329 1862 2463 1948 τὰς
2491 1866 2685 1969 τρεῖς

458 1981 884 2084 θυγατέρας
945 1988 1082 2055 τοῦ
1131 1981 1742 2084 Ἀγαμέμνονος,
1822 1978 1869 2079 ἢ
1883 2037 1910 2070 ,
1963 1980 2065 2066 ὥς
2124 1980 2164 2057 ὁ
2214 1980 2308 2055 τὰ
2356 1978 2680 2078 Κύπρια,

455 2098 855 2196 τέσσαρας,
893 2098 1330 2201 Ἰφιγένειαν
1378 2097 1505 2172 καὶ
1542 2095 2053 2196 Ἶφιοίνασσαν.
2154 2102 2320 2175 Νοιι
2371 2111 2569 2174 recte-
2602 2088 2683 2173 in

456 2222 569 2294 his
620 2220 1008 2293 Elmsleius
1071 2216 1469 2314 τέσσαρας,
1543 2222 1734 2312 qnod
1787 2221 1859 2292 in
1911 2222 2160 2293 codice
2209 2223 2554 2312 scriptum
2604 2214 2682 2305 ὃ,

457 2342 762 2412 mutavit
796 2342 870 2409 in
908 2330 1342 2432 διαφόρους.
1429 2337 1880 2410 scholiastes
1914 2337 2274 2431 Euripidis
2310 2340 2403 2409 ad
2435 2335 2680 2410 otest.

456 2459 580 2533 23.
634 2447 853 2538 οὗτος
915 2451 955 2529 ὃ
1006 2450 1304 2549 ποιητὴς
1367 2447 1436 2554 γ’
1487 2452 1673 2554 λέγει
1738 2452 2161 2555 θυγατέρας
2220 2455 2683 2555 γεννηθῆναι

436 2579 564 2670 ι’τιρἳ
602 2570 1102 2673 Ἀγαμέμνονι
1119 2595 1137 2613 ·
1189 2568 1268 2645 εὖ
1333 2567 1416 2644 δὲ
1484 2577 1881 2668 Σοφοκλῆς
1941 2573 2023 2646 ἐν
2070 2578 2176 2668 τῷ
2226 2567 2303 2668 β’
2354 2566 2685 2667 δράματι

455 2690 818 2785 τέσσαρας
862 2685 1048 2785 μετὰ
1098 2694 1228 2784 τῆς
1262 2684 1760 2786 Ἰφιανάσσης.
1861 2690 2086 2764 Aliud
2130 2693 2229 2761 ibi
2256 2691 2682 2764 scholiastes

455 2819 937 2886 commentum
990 2809 1222 2895 affert,
1275 2807 1640 2880 Electram
1682 2810 1883 2901 prius
1923 2820 2253 2882 vocatam
2288 2834 2450 2881 esse
2484 2809 2682 2903 Iphi·
2777 2809 2782 2826 ¹

456 2952 814 3000 anassam.
918 2926 1136 3000 Patet
1184 2927 1365 2997 haec
1417 2927 1711 2997 inventa
1761 2951 1923 2998 esse
1968 2950 2059 2997 ne.
2095 2928 2459 2998 Homerus
2486 2926 2680 3021 Iphi·

457 3047 744 3139 geniam
788 3055 910 3116 aut
941 3046 1318 3137 ignorasse
1352 3054 1478 3114 aut
1509 3046 1700 3115 falso
1738 3047 2023 3116 nomine
2051 3046 2452 3138 appellasse
2483 3047 2677 3116 vide-

455 3173 676 3236 retur.
759 3162 1148 3254 Sophoclis
1185 3157 1538 3253 interpres
1582 3164 1850 3234 erravit
1884 3164 1956 3234 iu
1986 3186 2102 3247 eo,
2154 3167 2341 3256 quod
2380 3162 2680 3233 Homeri

457 3281 792 3373 exemplo
826 3277 1322 3372 lphianassam
1350 3279 1709 3349 nominari
1736 3282 2057 3372 potuisse
2090 3281 2412 3352 credidit.
2491 3278 2680 3352 Nam

456 3423 640 3495 quae
672 3399 922 3468 vivere
951 3396 1454 3489 Iphianassam
1493 3397 1685 3485 dicit,
1739 3396 2049 3484 Electra,
2101 3389 2482 3468 mactatam
2516 3420 2682 3467 esse

456 3519 733 3591 sciehat
767 3514 1245 3609 Iphigeniam.
1331 3511 1618 3584 Monuit
1660 3514 1799 3585 hoc
1840 3515 1978 3584 iam
2024 3515 2450 3606 Rudolphus
2485 3515 2680 3585 Hen·
2731 3543 2742 3547 ·

451 3635 737 3706 richsen
782 3637 854 3705 in
898 3632 1502 3706 commentatione
1547 3634 1639 3702 de
1672 3631 2103 3703 carminibus
2139 3630 2425 3724 Cypriis
2459 3655 2524 3723 p.
2555 3632 2675 3703 62.

452 3752 628 3823 Alio
682 3753 898 3821 modo
953 3755 1042 3822 ab
1077 3750 1397 3821 Homero
1444 3750 1777 3820 discessit
1803 3748 2206 3842 Euripides,
2261 3752 2381 3843 qui
2428 3735 2676 3821 hacin

451 3872 703 3942 fabula
753 3869 984 3938 solam
1036 3867 1462 3959 Iphigeniae
1507 3866 1869 3965 Electram
1908 3891 2232 3939 sororem
2278 3873 2439 3939 esse
2484 3867 2682 3956 fecit.-

451 3988 982 4079 Argumentum
1012 3983 1449 4076 Euripideae
1496 3987 1913 4076 tragoediae
1957 3987 2317 4056 enarravit
2347 3986 2682 4078 Hyginus

450 4107 601 4179 fab.
639 4101 881 4176 CXX.
927 4102 1395 4193 idemquede.
1437 4124 1718 4188 caussa,
1766 4106 1858 4173 ob
1902 4124 2116 4195 quam
2150 4105 2334 4174 irata
2363 4104 2682 4193 Agame-

452 4224 697 4296 mnoni
738 4222 960 4294 fuerit
1001 4219 1263 4306 Diana,
1316 4218 1602 4309 scripsit
1648 4220 1796 4291 fab.
1831 4219 2188 4293 XCVIII.
2218 4223 2341 4293 uhi
2386 4219 2688 4291 videndi

451 4342 901 4438 interpretes.

1232 4449 1906 4488 m
