2934 4982
1310 312 1459 385 167

474 506 854 608 δράσομεν
903 509 1141 593 οὕτως
1189 509 1291 594 ὥς
1340 508 1438 586 σὺ
1486 506 1813 597 κελεύεις.

471 635 674 734 μάλα
724 636 872 740 γὰρ
923 634 1245 734 τερπνὴν
1292 636 1780 713 κάνέλπιστον

676 759 934 861 φήμην
982 762 1278 838 ἀκοαῖσι
1329 762 1704 867 δέδεγμαι.

285 901 296 911 ’
417 946 420 951 -
475 884 537 962 ὥ
584 888 776 991 μέγα
828 885 1057 985 σεμνὴ
1109 886 1339 986 Νίκη,
1391 887 1528 964 τὸν
1578 887 1762 986 ἐμὸν

472 1013 737 1112 βίοτον
784 1014 1116 1110 κατέχοις

658 1140 800 1216 ’καὶ
848 1139 951 1238 μὴ
1002 1136 1247 1244 λήγοις
1297 1148 1796 1240 στεφανοῦσα.

442 1465 508 1523 V.
556 1471 739 1526 1465.
826 1464 953 1524 ΛΜ.
1010 1457 1283 1542 τερπνόν.
1377 1463 1500 1523 Nec
1552 1462 1775 1525 videtur
1826 1463 2051 1524 variari.
2153 1465 2499 1526 Femininani

267 1548 502 1608 formam
547 1548 794 1608 restituit
836 1549 906 1608 L.
950 1548 1309 1620 Dimlorfius,
1364 1549 1514 1628 quod
1556 1549 1869 1609 masculina
1912 1569 2013 1628 pro
2059 1547 2327 1610 feminina
2370 1551 2498 1610 bar·

267 1634 410 1692 bara
463 1633 555 1692 sit.
661 1637 833 1692 Certe
885 1632 1054 1692 etiam
1111 1633 1160 1692 si
1218 1653 1329 1692 non
1385 1633 1462 1691 sit
1526 1633 1793 1705 barbara,
1855 1654 1965 1692 non
2025 1644 2213 1713 potest
2252 1634 2496 1716 intelligi

264 1738 373 1777 cur
425 1717 514 1777 hio
565 1738 635 1778 ea
686 1718 952 1778 utendum
985 1797 992 1801 μ
1015 1719 1301 1798 putaverit
1364 1716 1697 1797 Euripides,
1761 1718 1857 1777 ulii
1920 1719 2008 1780 vel
2062 1740 2205 1779 sono
2267 1721 2499 1781 suavior

262 1812 356 1862 est
397 1802 595 1861 altera.

438 1920 502 1978 V.
549 1926 987 1982 1467—1469.
1073 1919 1195 1977 Hos
1238 1937 1436 1979 versus
1480 1918 1576 1999 qui
1618 1916 1793 1979 etiam*
1832 1919 1888 1979 in
1935 1921 2155 1981 orestis
2209 1929 2269 1980 et
2310 1923 2498 1982 Phoe·

264 2003 542 2062 nissarum
587 2003 700 2063 line
744 2005 1041 2085 leguntur,
1101 2004 1376 2063 Matthiae
1419 2024 1497 2062 ex
1540 2003 1694 2062 docti
1737 2006 2021 2064 cuiusdam
2072 2006 2324 2065 Britanni
2367 2028 2498 2066 sen·

261 2089 447 2147 tentia
499 2088 661 2147 uncis
705 2086 961 2159 inclusit,
1030 2094 1095 2145 ut
1136 2107 1171 2146 a
1213 2088 1581 2167 grammatico
1623 2087 1894 2148 adiectos.
1990 2091 2069 2147 At
2121 2099 2186 2149 ut
2241 2092 2496 2171 tragicos

141 2195 149 2201 ·
259 2171 435 2231 affert
491 2172 776 2239 Luciauus
830 2172 889 2231 iu
944 2172 1239 2232 l‘iscatore
1294 2192 1346 2231 c.
1402 2178 1504 2232 39.
1557 2172 1670 2232 vol.
1724 2173 1768 2232 Ι.
1826 2194 1880 2253 p.
1937 2181 2082 2234 608.
2191 2175 2318 2255 Ego
2362 2174 2497 2253 quid

258 2257 503 2316 sentiam
560 2258 631 2315 de
684 2257 970 2328 versibus,
1037 2255 1131 2334 qui
1190 2256 1354 2315 iidem
1411 2254 1466 2314 in
1522 2255 1736 2333 aliquot
1776 2257 2060 2336 Euripidis
2103 2259 2417 2339 tragoediis
2458 2280 2495 2319 a

258 2342 459 2415 choro,
505 2343 632 2400 dum
674 2341 908 2401 exibant
948 2348 1319 2420 spectatores,
1376 2340 1781 2412 recitabantur,
1825 2343 1897 2400 ad
1938 2341 2104 2400 finem
2151 2344 2494 2403 Baccharum

258 2426 568 2487 declaravi.
654 2425 1046 2485 Precatiouem
1101 2434 1305 2505 poetae
1357 2445 1461 2505 pro
1520 2425 1758 2485 victoria
1810 2426 2035 2486 fabulae
2088 2447 2216 2486 esse
2260 2429 2495 2507 putabat

2521 771 2685 828 1465

257 2512 652 2572 Marklandus.
752 2507 1178 2588 Adsi'gniiicari
1212 2512 1319 2569 lioc
1361 2517 1629 2581 eatenus,
1696 2520 1971 2590 quatenus
2027 2512 2234 2591 aliquid
2293 2512 2493 2571 ominis
2598 2516 2609 2523 ‘

258 2598 407 2655 liaec
451 2596 621 2655 verba
663 2595 972 2666 continent,
1018 2614 1131 2652 non
1175 2593 1533 2675 negaverint:
1577 2595 1678 2653 sed
1720 2598 1946 2674 proprie
1987 2598 2059 2655 ad
2101 2606 2492 2678 argumentum

256 2681 492 2740 fabulae
535 2680 875 2740 referuntur.
981 2678 1163 2737 Aliter
1203 2679 1556 2757 coryphaeus
1597 2679 1686 2738 bic
1728 2680 1981 2759 partibus
2022 2680 2141 2740 suis
2184 2682 2491 2754 excideret,

258 2774 328 2824 et
371 2778 576 2844 poetae
618 2764 931 2844 susciperet
973 2783 1297 2843 personam:
1356 2764 1504 2840 quod
1546 2764 1785 2823 alienum
1829 2764 2050 2825 videtur
2092 2787 2135 2825 a
2170 2767 2492 2846 tragoedia.

258 2852 565 2909 Caeterum
609 2849 737 2908 AM.
783 2857 871 2919 et,
936 2858 1001 2907 ut
1041 2848 1293 2917 videtur,
1359 2847 1584 2907 codices
1625 2843 1810 2926 σεμνὴ
1857 2848 2040 2928 Νίκη.
2137 2850 2248 2909 Alii
2302 2847 2493 2926 σεμνὰ
2545 2912 2555 2924 ,

259 2931 434 2994 Νίκα
478 2933 793 2994 ediderunt.
861 2932 1127 2992 Variatur
1169 2931 1225 2991 in
1272 2933 1477 2991 oreste
1518 2940 1579 2991 et
1619 2935 1766 3011 apud
1809 2933 2141 2995 Lucianum.
2208 2936 2492 3007 Praestat,

257 3038 390 3078 mea
431 3016 743 3089 sententia,
787 3016 845 3075 iu
888 3016 977 3074 his
1018 3016 1342 3095 anapaestis
1383 3017 1689 3076 communis
1730 3018 2023 3079 dialectus.
