2934 4982
1269 228 1421 283 XX!

213 417 386 481 sunt
451 407 749 502 agniti,¹
812 408 1031 481 etiam
1096 413 1461 503 quomodo
1525 414 1844 486 ablatum
1907 421 2104 485 esset
2164 414 2454 486 simula-

214 559 425 609 ernm
464 536 747 629 ipsique
793 537 985 607 salvi
1031 538 1436 610 evasissent
1484 548 1641 611 erat
1688 541 2223 612 declarandum.
2302 539 2452 612 Ita-

213 683 359 753 que
423 664 654 752 primo
706 684 936 754 *quem
1000 662 1187 735 iuter
1248 687 1355 735 sex
1386 673 1944 757 composuerant
1992 667 2241 739 dolum
2289 688 2451 758 per·

214 788 338 861 fici
401 787 767 876 videmuS,
846 788 1107 860 callide
1156 788 1544 883 IPhigenia
1565 842 1574 853 .
1597 793 2080 884 persuadente
2131 791 2452 864 Thoanti

169 914 309 985 ‘de
375 934 648 985 arcana
723 915 1148 986 lustratione
1224 925 1534 990 statuae.
1673 905 2098 991 Cuiusmodi
2176 919 2452 993 artibus

211 1062 435 1133 quum
500 1040 715 1112 valde
779 1042 1310 1115 delectarentur
1360 1040 1671 1133 Graeci,
1749 1044 2006 1137 cupide
2055 1043 2239 1116 haec
2288 1066 2452 1138 spe-

211 1173 413 1237 ctata
479 1188 649 1238 esse
712 1169 1057 1240 credibile
1122 1177 1254 1239 est.
1385 1169 1603 1247 Quae
1678 1171 2019 1264 quoniam
2081 1171 2264 1242 fiunt
2279 1221 2303 1258 ,
2369 1178 2452 1279 ut

176 1291 605 1385 „impleatur
680 1295 1054 1365 oraculum
1143 1293 1547 1387 Apollinis,
1664 1296 1931 1371 chorus
2015 1297 2451 1369 sanctissimi

216 1419 417 1491 illius
468 1421 745 1491 oraculi
793 1420 1215 1492 memoriam
1281 1443 1327 1490 a
1377 1422 1614 1512 prima
1666 1422 1823 1494 eius
1874 1422 2154 1515 origine
2204 1445 2449 1515 perse·

220 1544 480 1638 quitur.
610 1544 798 1619 Mox
874 1548 1266 1619 satellitum
1330 1569 1560 1636 unus,
1647 1549 1772 1641 qui
1835 1548 2143 1641 captivis
2206 1557 2450 1620 custos

213 1672 505 1745 additus
570 1681 764 1760 erat,
845 1674 1138 1744 relictus
1202 1674 1299 1744 ab
1364 1673 1751 1767 Iphigenia
1817 1675 2071 1767 procul
2132 1696 2177 1744 a
2242 1675 2450 1762 mari,

212 1799 425 1871 adest
468 1821 719 1890 regem
769 1821 1150 1892 quaerens,
1205 1822 1418 1893 quem
1471 1801 1738 1872 chorus
1779 1807 2009 1909 'negat
2057 1802 2131 1871 in
2183 1802 2450 1892 templo

214 1947 417 2011 esse,
486 1946 629 2017 quo
681 1925 1145 2018 Iphigeniae,
1212 1926 1382 1998 dum
1436 1949 1604 1998 eum
1653 1928 1961 1999 nuncius
2013 1928 2188 1999 alibi
2235 1949 2451 2020 quae-

211 2058 363 2138 rat,
441 2052 604 2143 plus
668 2052 887 2145 spatii
950 2053 1048 2123 ad
1108 2053 1361 2144 fugam
1425 2052 1542 2126 sit.
1659 2049 1920 2144 Decipi
1985 2076 2071 2123 se
2132 2054 2450 2125 sentiens

209 2177 360 2264 ille,
412 2179 568 2268 ipse
634 2179 865 2270 pultat
923 2181 1126 2250 fores
1189 2179 1475 2270 templi,
1546 2199 1988 2271 egressoque
2050 2178 2210 2270 regi
2272 2199 2448 2270 quo·

207 2303 567 2377 modoini
627 2305 815 2377 clam
866 2327 1030 2376 cum
1079 2303 1466 2397 Iphigenia
1520 2311 1592 2376 et
1641 2305 2027 2377 simulacro
2081 2302 2269 2373 deae
2320 2325 2449 2383 au-

204 2431 466 2522 fugere
507 2431 914 2520 volucrina·
946 2431 1309 2525 quomodo
1362 2431 1689 2524 impediti
1735 2432 2030 2517 fuerint,
2085 2431 2486 2525 quomodo·

206 2578 403 2628 nunc
465 2558 636 2627 navi
698 2560 1033 2630 fluctibus
1101 2559 1192 2629 ad
1258 2558 1458 2629 littus
1525 2560 1820 2651 repulsa
1869 2559 2068 2629 inter·
2106 2558 2450 2650 scopulos

205 2681 564 2766 haereant
613 2686 975 2775 exponit„
1019 2685 1281 2778 Itaque
1329 2706 1473 2756 rex
1520 2686 1694 2755 illuc
1746 2694 1817 2756 et
1869 2684 2148 2778 equites
2201 2690 2273 2753 et
2320 2705 2448 2754 na·

206 2831 345 2879 ves
393 2809 576 2882 mitti
626 2811 860 2899 iubet,
925 2818 1007 2882 ut
1058 2812 1299 2904 capiat
1347 2812 1702 2903 profugos
1755 2818 1828 2881 et
1877 2811 1971 2881 ad
2020 2809 2450 2901 supplicium

206 2934 469 3006 trahat.
585 2936 942 3028 Apertum
994 2946 1142 3026 est,
1220 2938 1415 3007 hunc
1479 2937 1776 3029 dignum
1840 2935 2450 3007 vindicenodum

206 3083 399 3148 esse,
449 3069 530 3134 ut
564 3070 761 3138 recte
803 3065 1086 3156 intersit
1126 3066 1330 3133 deus.
1416 3062 1608 3135 Nam
1652 3063 1821 3156 quid
1863 3064 2145 3134 faceret
2182 3059 2447 3155 poeta?

203 3185 401 3264 Num
466 3189 959 3262 introduceret
1019 3191 1394 3278 nuncium,
1493 3190 1617 3283 qui
1689 3189 1972 3282 fugisse
2050 3190 2215 3259 illos
2279 3209 2445 3258 eum

201 3310 587 3405 Iphigenia
638 3322 709 3386 et
759 3316 1147 3388 simulacro
1201 3318 1384 3387 deae
1450 3314 1810 3388 referret?
1912 3314 2018 3386 At
2082 3317 2149 3386 is
2214 3313 2444 3404 turpis

202 3442 314 3514 rei
379 3443 622 3514 exitus
699 3461 788 3516 ao
865 3444 1107 3533 potius
1185 3444 1426 3515 nullus
1460 3444 1772 3514 'fuisset
1923 3440 2181 3533 Neque
2251 3437 2443 3508 enim

207 3565 466 3638 Thoas
515 3590 663 3637 non
712 3569 1070 3659 potuisset
1134 3570 1523 3641 vindictam
1588 3588 1852 3660 parare
1922 3574 1996 3635 et
2050 3564 2245 3636 bello
2315 3585 2441 3655 pe·

202 3701 362 3764 tere
425 3701 709 3784 raptam
776 3703 1113 3768 statuam.
1260 3695 1353 3766 Id
1418 3716 1598 3764 vero
1663 3695 1908 3765 famae
1968 3685 2473 3785 repugnabat,-

198 3841 392 3912 quae
432 3820 635 3894 nulla
685 3821 778 3892 de
832 3824 1023 3894 bello
1077 3825 1170 3894 ob
1221 3822 1422 3891 illum
1474 3826 1758 3911 raptum
1807 3828 2148 3911 suscepto
2175 3826 2445 3889 *exsta-

196 3947 348 4018 bat.
453 3946 578 4018 Au
627 3947 821 4040 capti
873 3949 997 4043 qui
1049 3950 1390 4041 fugerant
1443 3947 1539 4019 ad
1570 3968 1839 4040 regem
1878 3940 2443 4017 reducerentur?

193 4071 319 4152 Ita
363 4095 545 4144 vero
576 4083 664 4144 -et
711 4077 935 4168 fugae
984 4075 1369 4148 inventum.
1412 4074 1628 4144 inane
1681 4081 1858 4157 erat,
1912 4079 2472 4163 potuer-amque

196 4199 369 4292 capi
438 4207 822 4294 antequam
885 4204 1261 4294 fugerent,
1351 4208 1425 4270 et
1488 4200 1679 4292 capti
1748 4198 1990 4289 puniri
2033 4193 2434 4268 debebant.

190 4325 464 4420 Itaque
539 4349 635 4400 ne
712 4330 820 4400 sic
899 4327 1188 4422 quidem
1253 4328 1318 4398 is
1385 4327 1511 4419 qui
1575 4326 1888 4397 debebat
1958 4321 2199 4393 exitus
2260 4318 2440 4391 facti

193 4461 394 4532 esset
460 4464 967 4548 consequutus.
1070 4450 1427 4526 omnibus
1491 4453 1715 4544 igitur
1758 4449 1997 4520 modis
2045 4468 2263 4540 quum
2311 4468 2438 4516 ne·
